%YAML 1.1
%TAG !u! tag:unity3d.com,2011:
--- !u!1 &1360829127
GameObject:
  m_ObjectHideFlags: 0
  m_CorrespondingSourceObject: {fileID: 0}
  m_PrefabInstance: {fileID: 0}
  m_PrefabAsset: {fileID: 0}
  serializedVersion: 6
  m_Component:
  - component: {fileID: 1360829131}
  - component: {fileID: 1360829130}
  - component: {fileID: 1360829129}
  - component: {fileID: 1360829128}
  m_Layer: 8
  m_Name: Cube
  m_TagString: Untagged
  m_Icon: {fileID: 0}
  m_NavMeshLayer: 0
  m_StaticEditorFlags: 0
  m_IsActive: 0
--- !u!4 &1360829131
Transform:
  m_ObjectHideFlags: 0
  m_CorrespondingSourceObject: {fileID: 0}
  m_PrefabInstance: {fileID: 0}
  m_PrefabAsset: {fileID: 0}
  m_GameObject: {fileID: 1360829127}
  m_LocalRotation: {x: -0, y: -0, z: -0, w: 1}
  m_LocalPosition: {x: 0, y: 0, z: 0}
  m_LocalScale: {x: 2, y: 2, z: 0}
  m_Children: []
  m_Father: {fileID: 4425342262442788}
  m_RootOrder: 4
  m_LocalEulerAnglesHint: {x: 0, y: 0, z: 0}
--- !u!33 &1360829130
MeshFilter:
  m_ObjectHideFlags: 0
  m_CorrespondingSourceObject: {fileID: 0}
  m_PrefabInstance: {fileID: 0}
  m_PrefabAsset: {fileID: 0}
  m_GameObject: {fileID: 1360829127}
  m_Mesh: {fileID: 10202, guid: 0000000000000000e000000000000000, type: 0}
--- !u!23 &1360829129
MeshRenderer:
  m_ObjectHideFlags: 0
  m_CorrespondingSourceObject: {fileID: 0}
  m_PrefabInstance: {fileID: 0}
  m_PrefabAsset: {fileID: 0}
  m_GameObject: {fileID: 1360829127}
  m_Enabled: 1
  m_CastShadows: 1
  m_ReceiveShadows: 1
  m_DynamicOccludee: 1
  m_MotionVectors: 1
  m_LightProbeUsage: 1
  m_ReflectionProbeUsage: 1
  m_RenderingLayerMask: 1
  m_RendererPriority: 0
  m_Materials:
  - {fileID: 10303, guid: 0000000000000000f000000000000000, type: 0}
  m_StaticBatchInfo:
    firstSubMesh: 0
    subMeshCount: 0
  m_StaticBatchRoot: {fileID: 0}
  m_ProbeAnchor: {fileID: 0}
  m_LightProbeVolumeOverride: {fileID: 0}
  m_ScaleInLightmap: 1
  m_PreserveUVs: 0
  m_IgnoreNormalsForChartDetection: 0
  m_ImportantGI: 0
  m_StitchLightmapSeams: 0
  m_SelectedEditorRenderState: 3
  m_MinimumChartSize: 4
  m_AutoUVMaxDistance: 0.5
  m_AutoUVMaxAngle: 89
  m_LightmapParameters: {fileID: 0}
  m_SortingLayerID: 0
  m_SortingLayer: 0
  m_SortingOrder: 0
--- !u!65 &1360829128
BoxCollider:
  m_ObjectHideFlags: 0
  m_CorrespondingSourceObject: {fileID: 0}
  m_PrefabInstance: {fileID: 0}
  m_PrefabAsset: {fileID: 0}
  m_GameObject: {fileID: 1360829127}
  m_Material: {fileID: 0}
  m_IsTrigger: 0
  m_Enabled: 1
  serializedVersion: 2
  m_Size: {x: 1, y: 1, z: 1}
  m_Center: {x: 0, y: 0, z: 0}
--- !u!1 &1007792694795280
GameObject:
  m_ObjectHideFlags: 0
  m_CorrespondingSourceObject: {fileID: 0}
  m_PrefabInstance: {fileID: 0}
  m_PrefabAsset: {fileID: 0}
  serializedVersion: 6
  m_Component:
  - component: {fileID: 4010062668031480}
  - component: {fileID: 212264672133794852}
  m_Layer: 8
  m_Name: Body
  m_TagString: Untagged
  m_Icon: {fileID: 0}
  m_NavMeshLayer: 0
  m_StaticEditorFlags: 0
  m_IsActive: 1
--- !u!4 &4010062668031480
Transform:
  m_ObjectHideFlags: 0
  m_CorrespondingSourceObject: {fileID: 0}
  m_PrefabInstance: {fileID: 0}
  m_PrefabAsset: {fileID: 0}
  m_GameObject: {fileID: 1007792694795280}
  m_LocalRotation: {x: -0, y: -0, z: -0, w: 1}
  m_LocalPosition: {x: 0.2440033, y: 0, z: 0}
  m_LocalScale: {x: 1, y: 1, z: 1}
  m_Children: []
  m_Father: {fileID: 4386665607521338}
  m_RootOrder: 1
  m_LocalEulerAnglesHint: {x: 0, y: 0, z: 0}
--- !u!212 &212264672133794852
SpriteRenderer:
  m_ObjectHideFlags: 0
  m_CorrespondingSourceObject: {fileID: 0}
  m_PrefabInstance: {fileID: 0}
  m_PrefabAsset: {fileID: 0}
  m_GameObject: {fileID: 1007792694795280}
  m_Enabled: 0
  m_CastShadows: 0
  m_ReceiveShadows: 0
  m_DynamicOccludee: 1
  m_MotionVectors: 1
  m_LightProbeUsage: 1
  m_ReflectionProbeUsage: 1
  m_RenderingLayerMask: 4294967295
  m_RendererPriority: 0
  m_Materials:
  - {fileID: 10754, guid: 0000000000000000f000000000000000, type: 0}
  m_StaticBatchInfo:
    firstSubMesh: 0
    subMeshCount: 0
  m_StaticBatchRoot: {fileID: 0}
  m_ProbeAnchor: {fileID: 0}
  m_LightProbeVolumeOverride: {fileID: 0}
  m_ScaleInLightmap: 1
  m_PreserveUVs: 0
  m_IgnoreNormalsForChartDetection: 0
  m_ImportantGI: 0
  m_StitchLightmapSeams: 0
  m_SelectedEditorRenderState: 0
  m_MinimumChartSize: 4
  m_AutoUVMaxDistance: 0.5
  m_AutoUVMaxAngle: 89
  m_LightmapParameters: {fileID: 0}
  m_SortingLayerID: 1668191637
  m_SortingLayer: -3
  m_SortingOrder: 2
  m_Sprite: {fileID: 21300000, guid: 3a7324d9efe4f334bb5cf68f02736587, type: 3}
  m_Color: {r: 1, g: 1, b: 1, a: 1}
  m_FlipX: 0
  m_FlipY: 0
  m_DrawMode: 0
  m_Size: {x: 1.42, y: 1.46}
  m_AdaptiveModeThreshold: 0.5
  m_SpriteTileMode: 0
  m_WasSpriteAssigned: 1
  m_MaskInteraction: 0
  m_SpriteSortPoint: 0
--- !u!1 &1211681023587598
GameObject:
  m_ObjectHideFlags: 0
  m_CorrespondingSourceObject: {fileID: 0}
  m_PrefabInstance: {fileID: 0}
  m_PrefabAsset: {fileID: 0}
  serializedVersion: 6
  m_Component:
  - component: {fileID: 4692882334757724}
  - component: {fileID: 96099408577590350}
  m_Layer: 8
  m_Name: trail
  m_TagString: Untagged
  m_Icon: {fileID: 0}
  m_NavMeshLayer: 0
  m_StaticEditorFlags: 0
  m_IsActive: 0
--- !u!4 &4692882334757724
Transform:
  m_ObjectHideFlags: 0
  m_CorrespondingSourceObject: {fileID: 0}
  m_PrefabInstance: {fileID: 0}
  m_PrefabAsset: {fileID: 0}
  m_GameObject: {fileID: 1211681023587598}
  m_LocalRotation: {x: 0, y: 0, z: 0, w: 1}
  m_LocalPosition: {x: 0, y: -1.33, z: 0}
  m_LocalScale: {x: 1, y: 1, z: 1}
  m_Children: []
  m_Father: {fileID: 4425342262442788}
  m_RootOrder: 3
  m_LocalEulerAnglesHint: {x: 0, y: 0, z: 0}
--- !u!96 &96099408577590350
TrailRenderer:
  serializedVersion: 2
  m_ObjectHideFlags: 0
  m_CorrespondingSourceObject: {fileID: 0}
  m_PrefabInstance: {fileID: 0}
  m_PrefabAsset: {fileID: 0}
  m_GameObject: {fileID: 1211681023587598}
  m_Enabled: 1
  m_CastShadows: 1
  m_ReceiveShadows: 1
  m_DynamicOccludee: 1
  m_MotionVectors: 1
  m_LightProbeUsage: 0
  m_ReflectionProbeUsage: 0
  m_RenderingLayerMask: 4294967295
  m_RendererPriority: 0
  m_Materials:
  - {fileID: 0}
  m_StaticBatchInfo:
    firstSubMesh: 0
    subMeshCount: 0
  m_StaticBatchRoot: {fileID: 0}
  m_ProbeAnchor: {fileID: 0}
  m_LightProbeVolumeOverride: {fileID: 0}
  m_ScaleInLightmap: 1
  m_PreserveUVs: 0
  m_IgnoreNormalsForChartDetection: 0
  m_ImportantGI: 0
  m_StitchLightmapSeams: 0
  m_SelectedEditorRenderState: 3
  m_MinimumChartSize: 4
  m_AutoUVMaxDistance: 0.5
  m_AutoUVMaxAngle: 89
  m_LightmapParameters: {fileID: 0}
  m_SortingLayerID: 0
  m_SortingLayer: 0
  m_SortingOrder: 0
  m_Time: 5
  m_Parameters:
    serializedVersion: 3
    widthMultiplier: 1
    widthCurve:
      serializedVersion: 2
      m_Curve:
      - serializedVersion: 3
        time: 0
        value: 0.0819664
        inSlope: 0
        outSlope: 0
        tangentMode: 0
        weightedMode: 0
        inWeight: 0.33333334
        outWeight: 0.33333334
      m_PreInfinity: 2
      m_PostInfinity: 2
      m_RotationOrder: 4
    colorGradient:
      serializedVersion: 2
      key0: {r: 1, g: 1, b: 1, a: 1}
      key1: {r: 1, g: 1, b: 1, a: 1}
      key2: {r: 0, g: 0, b: 0, a: 0}
      key3: {r: 0, g: 0, b: 0, a: 0}
      key4: {r: 0, g: 0, b: 0, a: 0}
      key5: {r: 0, g: 0, b: 0, a: 0}
      key6: {r: 0, g: 0, b: 0, a: 0}
      key7: {r: 0, g: 0, b: 0, a: 0}
      ctime0: 0
      ctime1: 65535
      ctime2: 0
      ctime3: 0
      ctime4: 0
      ctime5: 0
      ctime6: 0
      ctime7: 0
      atime0: 0
      atime1: 65535
      atime2: 0
      atime3: 0
      atime4: 0
      atime5: 0
      atime6: 0
      atime7: 0
      m_Mode: 0
      m_NumColorKeys: 2
      m_NumAlphaKeys: 2
    numCornerVertices: 0
    numCapVertices: 0
    alignment: 0
    textureMode: 0
    shadowBias: 0
    generateLightingData: 0
  m_MinVertexDistance: 0.1
  m_Autodestruct: 0
  m_Emitting: 1
--- !u!1 &1330722288997988
GameObject:
  m_ObjectHideFlags: 0
  m_CorrespondingSourceObject: {fileID: 0}
  m_PrefabInstance: {fileID: 0}
  m_PrefabAsset: {fileID: 0}
  serializedVersion: 6
  m_Component:
  - component: {fileID: 4386665607521338}
  - component: {fileID: 82593881877127716}
  - component: {fileID: 114487853207993584}
  m_Layer: 8
  m_Name: MeleeWeapon
  m_TagString: Untagged
  m_Icon: {fileID: 0}
  m_NavMeshLayer: 0
  m_StaticEditorFlags: 0
  m_IsActive: 1
--- !u!4 &4386665607521338
Transform:
  m_ObjectHideFlags: 0
  m_CorrespondingSourceObject: {fileID: 0}
  m_PrefabInstance: {fileID: 0}
  m_PrefabAsset: {fileID: 0}
  m_GameObject: {fileID: 1330722288997988}
  m_LocalRotation: {x: 0, y: 0, z: 0, w: 1}
  m_LocalPosition: {x: 0, y: -0.089, z: 0}
  m_LocalScale: {x: 1, y: 1, z: 1}
  m_Children:
  - {fileID: 4903586188163334}
  - {fileID: 4010062668031480}
  m_Father: {fileID: 4425342262442788}
  m_RootOrder: 2
  m_LocalEulerAnglesHint: {x: 0, y: 0, z: 0}
--- !u!82 &82593881877127716
AudioSource:
  m_ObjectHideFlags: 0
  m_CorrespondingSourceObject: {fileID: 0}
  m_PrefabInstance: {fileID: 0}
  m_PrefabAsset: {fileID: 0}
  m_GameObject: {fileID: 1330722288997988}
  m_Enabled: 1
  serializedVersion: 4
  OutputAudioMixerGroup: {fileID: 0}
  m_audioClip: {fileID: 8300000, guid: e2b28282a337e6448a952bfca27a8019, type: 3}
  m_PlayOnAwake: 0
  m_Volume: 1
  m_Pitch: 1
  Loop: 0
  Mute: 0
  Spatialize: 0
  SpatializePostEffects: 0
  Priority: 128
  DopplerLevel: 1
  MinDistance: 5.7258244
  MaxDistance: 50
  Pan2D: 0
  rolloffMode: 0
  BypassEffects: 0
  BypassListenerEffects: 0
  BypassReverbZones: 0
  rolloffCustomCurve:
    serializedVersion: 2
    m_Curve:
    - serializedVersion: 3
      time: 0
      value: 1
      inSlope: 0
      outSlope: 0
      tangentMode: 0
      weightedMode: 0
      inWeight: 0.33333334
      outWeight: 0.33333334
    - serializedVersion: 3
      time: 1
      value: 0
      inSlope: 0
      outSlope: 0
      tangentMode: 0
      weightedMode: 0
      inWeight: 0.33333334
      outWeight: 0.33333334
    m_PreInfinity: 2
    m_PostInfinity: 2
    m_RotationOrder: 4
  panLevelCustomCurve:
    serializedVersion: 2
    m_Curve:
    - serializedVersion: 3
      time: 0
      value: 0
      inSlope: 0
      outSlope: 0
      tangentMode: 0
      weightedMode: 0
      inWeight: 0.33333334
      outWeight: 0.33333334
    m_PreInfinity: 2
    m_PostInfinity: 2
    m_RotationOrder: 4
  spreadCustomCurve:
    serializedVersion: 2
    m_Curve:
    - serializedVersion: 3
      time: 0
      value: 0
      inSlope: 0
      outSlope: 0
      tangentMode: 0
      weightedMode: 0
      inWeight: 0.33333334
      outWeight: 0.33333334
    m_PreInfinity: 2
    m_PostInfinity: 2
    m_RotationOrder: 4
  reverbZoneMixCustomCurve:
    serializedVersion: 2
    m_Curve:
    - serializedVersion: 3
      time: 0
      value: 1
      inSlope: 0
      outSlope: 0
      tangentMode: 0
      weightedMode: 0
      inWeight: 0.33333334
      outWeight: 0.33333334
    m_PreInfinity: 2
    m_PostInfinity: 2
    m_RotationOrder: 4
--- !u!114 &114487853207993584
MonoBehaviour:
  m_ObjectHideFlags: 0
  m_CorrespondingSourceObject: {fileID: 0}
  m_PrefabInstance: {fileID: 0}
  m_PrefabAsset: {fileID: 0}
  m_GameObject: {fileID: 1330722288997988}
  m_Enabled: 1
  m_EditorHideFlags: 0
  m_Script: {fileID: 11500000, guid: 1f2351af0e59af84e8838a61ca72d2a3, type: 3}
  m_Name: 
  m_EditorClassIdentifier: 
  fireRate: 0.4
  audioSource: {fileID: 82593881877127716}
  projectile: {fileID: 7375757820921994147, guid: 3b4e4ec1d51e16349a5e942bbb7a49fc,
    type: 3}
--- !u!1 &1425861819124538
GameObject:
  m_ObjectHideFlags: 0
  m_CorrespondingSourceObject: {fileID: 0}
  m_PrefabInstance: {fileID: 0}
  m_PrefabAsset: {fileID: 0}
  serializedVersion: 6
  m_Component:
  - component: {fileID: 4903586188163334}
  m_Layer: 8
  m_Name: Barrel
  m_TagString: Untagged
  m_Icon: {fileID: 0}
  m_NavMeshLayer: 0
  m_StaticEditorFlags: 0
  m_IsActive: 1
--- !u!4 &4903586188163334
Transform:
  m_ObjectHideFlags: 0
  m_CorrespondingSourceObject: {fileID: 0}
  m_PrefabInstance: {fileID: 0}
  m_PrefabAsset: {fileID: 0}
  m_GameObject: {fileID: 1425861819124538}
  m_LocalRotation: {x: 0, y: 0, z: 0, w: 1}
  m_LocalPosition: {x: 0.86, y: 0, z: 0}
  m_LocalScale: {x: 1, y: 1, z: 1}
  m_Children: []
  m_Father: {fileID: 4386665607521338}
  m_RootOrder: 0
  m_LocalEulerAnglesHint: {x: 0, y: 0, z: 0}
--- !u!1 &1742748082416196
GameObject:
  m_ObjectHideFlags: 0
  m_CorrespondingSourceObject: {fileID: 0}
  m_PrefabInstance: {fileID: 0}
  m_PrefabAsset: {fileID: 0}
  serializedVersion: 6
  m_Component:
  - component: {fileID: 4425342262442788}
  - component: {fileID: 212624305206686098}
  - component: {fileID: 50850630871678612}
  - component: {fileID: 70488075299522316}
  - component: {fileID: 9067400822042514796}
  - component: {fileID: 114350930947737902}
  - component: {fileID: 114261823353902158}
  - component: {fileID: 114418322624371866}
  - component: {fileID: 114863241421620164}
  - component: {fileID: 114992420615601944}
  - component: {fileID: 114788487691536588}
  - component: {fileID: 114179523726198330}
  - component: {fileID: 1591216846116527315}
  - component: {fileID: 566884268225876391}
  m_Layer: 8
  m_Name: Player 1
  m_TagString: Player
  m_Icon: {fileID: 0}
  m_NavMeshLayer: 0
  m_StaticEditorFlags: 0
  m_IsActive: 1
--- !u!4 &4425342262442788
Transform:
  m_ObjectHideFlags: 0
  m_CorrespondingSourceObject: {fileID: 0}
  m_PrefabInstance: {fileID: 0}
  m_PrefabAsset: {fileID: 0}
  m_GameObject: {fileID: 1742748082416196}
  m_LocalRotation: {x: 0, y: 0, z: 0, w: 1}
  m_LocalPosition: {x: 16.51, y: -1.77, z: 0}
  m_LocalScale: {x: 1, y: 1, z: 1}
  m_Children:
  - {fileID: 4835546788426104}
  - {fileID: 4808348581980070}
  - {fileID: 4386665607521338}
  - {fileID: 4692882334757724}
  - {fileID: 1360829131}
  m_Father: {fileID: 0}
  m_RootOrder: 0
  m_LocalEulerAnglesHint: {x: 0, y: 0, z: 0}
--- !u!212 &212624305206686098
SpriteRenderer:
  m_ObjectHideFlags: 0
  m_CorrespondingSourceObject: {fileID: 0}
  m_PrefabInstance: {fileID: 0}
  m_PrefabAsset: {fileID: 0}
  m_GameObject: {fileID: 1742748082416196}
  m_Enabled: 1
  m_CastShadows: 0
  m_ReceiveShadows: 0
  m_DynamicOccludee: 1
  m_MotionVectors: 1
  m_LightProbeUsage: 1
  m_ReflectionProbeUsage: 1
  m_RenderingLayerMask: 4294967295
  m_RendererPriority: 0
  m_Materials:
  - {fileID: 10754, guid: 0000000000000000f000000000000000, type: 0}
  m_StaticBatchInfo:
    firstSubMesh: 0
    subMeshCount: 0
  m_StaticBatchRoot: {fileID: 0}
  m_ProbeAnchor: {fileID: 0}
  m_LightProbeVolumeOverride: {fileID: 0}
  m_ScaleInLightmap: 1
  m_PreserveUVs: 0
  m_IgnoreNormalsForChartDetection: 0
  m_ImportantGI: 0
  m_StitchLightmapSeams: 0
  m_SelectedEditorRenderState: 0
  m_MinimumChartSize: 4
  m_AutoUVMaxDistance: 0.5
  m_AutoUVMaxAngle: 89
  m_LightmapParameters: {fileID: 0}
  m_SortingLayerID: 1668191637
  m_SortingLayer: -3
  m_SortingOrder: 0
  m_Sprite: {fileID: 21300000, guid: 8459fb1223fa9764a82beb0cf338784b, type: 3}
  m_Color: {r: 1, g: 1, b: 1, a: 1}
  m_FlipX: 0
  m_FlipY: 0
  m_DrawMode: 0
  m_Size: {x: 1.42, y: 1.46}
  m_AdaptiveModeThreshold: 0.5
  m_SpriteTileMode: 0
  m_WasSpriteAssigned: 1
  m_MaskInteraction: 0
  m_SpriteSortPoint: 0
--- !u!50 &50850630871678612
Rigidbody2D:
  serializedVersion: 4
  m_ObjectHideFlags: 0
  m_CorrespondingSourceObject: {fileID: 0}
  m_PrefabInstance: {fileID: 0}
  m_PrefabAsset: {fileID: 0}
  m_GameObject: {fileID: 1742748082416196}
  m_BodyType: 0
  m_Simulated: 1
  m_UseFullKinematicContacts: 0
  m_UseAutoMass: 0
  m_Mass: 1
  m_LinearDrag: 1
  m_AngularDrag: 0.05
  m_GravityScale: 4
  m_Material: {fileID: 6200000, guid: 2a9f0a656796cd54c8ebe010afe95943, type: 2}
  m_Interpolate: 1
  m_SleepingMode: 1
  m_CollisionDetection: 0
  m_Constraints: 4
--- !u!70 &70488075299522316
CapsuleCollider2D:
  m_ObjectHideFlags: 0
  m_CorrespondingSourceObject: {fileID: 0}
  m_PrefabInstance: {fileID: 0}
  m_PrefabAsset: {fileID: 0}
  m_GameObject: {fileID: 1742748082416196}
  m_Enabled: 1
  m_Density: 1
  m_Material: {fileID: 0}
  m_IsTrigger: 0
  m_UsedByEffector: 0
  m_UsedByComposite: 0
  m_Offset: {x: 0, y: 0}
  m_Size: {x: 0.86, y: 2.45}
  m_Direction: 0
--- !u!114 &9067400822042514796
MonoBehaviour:
  m_ObjectHideFlags: 0
  m_CorrespondingSourceObject: {fileID: 0}
  m_PrefabInstance: {fileID: 0}
  m_PrefabAsset: {fileID: 0}
  m_GameObject: {fileID: 1742748082416196}
  m_Enabled: 1
  m_EditorHideFlags: 0
  m_Script: {fileID: 11500000, guid: c87d8b8a8db329e468d0b91ec32b920b, type: 3}
  m_Name: 
  m_EditorClassIdentifier: 
  attribute: {fileID: 0}
--- !u!114 &114350930947737902
MonoBehaviour:
  m_ObjectHideFlags: 0
  m_CorrespondingSourceObject: {fileID: 0}
  m_PrefabInstance: {fileID: 0}
  m_PrefabAsset: {fileID: 0}
  m_GameObject: {fileID: 1742748082416196}
  m_Enabled: 1
  m_EditorHideFlags: 0
  m_Script: {fileID: 11500000, guid: 98921500536b51946aa416d0b87b7e13, type: 3}
  m_Name: 
  m_EditorClassIdentifier: 
  JumpKey: Jump
  AttackKey: Attack
  weapon: {fileID: 0}
  body: {fileID: 4425342262442788}
  groundedMask:
    serializedVersion: 2
    m_Bits: 9217
  midAirJumpClip: {fileID: 8300000, guid: e2b28282a337e6448a952bfca27a8019, type: 3}
  Speed: 18
  Acceleration: 75
  Drag: 30
  JumpSpeed: 25
  WallJumpSpeed: 30
  MaxJumps: 1
  WallJumpEnabled: 1
  weaponInterpolationSpeed: 50
  FallMultiplier: 2
  LowJumpMultiplier: 16
  isGrounded: 0
  cheatKey: 0
--- !u!114 &114261823353902158
MonoBehaviour:
  m_ObjectHideFlags: 0
  m_CorrespondingSourceObject: {fileID: 0}
  m_PrefabInstance: {fileID: 0}
  m_PrefabAsset: {fileID: 0}
  m_GameObject: {fileID: 1742748082416196}
  m_Enabled: 1
  m_EditorHideFlags: 0
  m_Script: {fileID: 11500000, guid: 8292ce3cc6fc5e84c962907b5c68a1f5, type: 3}
  m_Name: 
  m_EditorClassIdentifier: 
  maxHealth: 100
  health: 100
  memoryName: health
  invincibilityTime: 2
  debug: 0
  animator: {fileID: 0}
--- !u!114 &114418322624371866
MonoBehaviour:
  m_ObjectHideFlags: 0
  m_CorrespondingSourceObject: {fileID: 0}
  m_PrefabInstance: {fileID: 0}
  m_PrefabAsset: {fileID: 0}
  m_GameObject: {fileID: 1742748082416196}
  m_Enabled: 1
  m_EditorHideFlags: 0
  m_Script: {fileID: 11500000, guid: 5f2451d20b63a9c40895919f24d385c0, type: 3}
  m_Name: 
  m_EditorClassIdentifier: 
  healthRegen: 10
  onDamagedCooldown: 5
--- !u!114 &114863241421620164
MonoBehaviour:
  m_ObjectHideFlags: 0
  m_CorrespondingSourceObject: {fileID: 0}
  m_PrefabInstance: {fileID: 0}
  m_PrefabAsset: {fileID: 0}
  m_GameObject: {fileID: 1742748082416196}
  m_Enabled: 1
  m_EditorHideFlags: 0
  m_Script: {fileID: 11500000, guid: a56f659c3d227684281d9dd83133f6cc, type: 3}
  m_Name: 
  m_EditorClassIdentifier: 
  OnObjectDamaged:
    m_PersistentCalls:
      m_Calls: []
    m_TypeName: UnityEngine.Events.UnityEvent, UnityEngine.CoreModule, Version=0.0.0.0,
      Culture=neutral, PublicKeyToken=null
  audioSource: {fileID: 0}
  damagedClip: {fileID: 8300000, guid: fd162cc44e38f3e40aecbe53077e8a50, type: 3}
  pitchVariation: 0.2
--- !u!114 &114992420615601944
MonoBehaviour:
  m_ObjectHideFlags: 0
  m_CorrespondingSourceObject: {fileID: 0}
  m_PrefabInstance: {fileID: 0}
  m_PrefabAsset: {fileID: 0}
  m_GameObject: {fileID: 1742748082416196}
  m_Enabled: 1
  m_EditorHideFlags: 0
  m_Script: {fileID: 11500000, guid: e2464f7ff13f2ca40b6dc8ccb2cdc398, type: 3}
  m_Name: 
  m_EditorClassIdentifier: 
--- !u!114 &114788487691536588
MonoBehaviour:
  m_ObjectHideFlags: 0
  m_CorrespondingSourceObject: {fileID: 0}
  m_PrefabInstance: {fileID: 0}
  m_PrefabAsset: {fileID: 0}
  m_GameObject: {fileID: 1742748082416196}
  m_Enabled: 0
  m_EditorHideFlags: 0
  m_Script: {fileID: 11500000, guid: c62ba76ae72015c419f909a64b13d0bd, type: 3}
  m_Name: 
  m_EditorClassIdentifier: 
--- !u!114 &114179523726198330
MonoBehaviour:
  m_ObjectHideFlags: 0
  m_CorrespondingSourceObject: {fileID: 0}
  m_PrefabInstance: {fileID: 0}
  m_PrefabAsset: {fileID: 0}
  m_GameObject: {fileID: 1742748082416196}
  m_Enabled: 1
  m_EditorHideFlags: 0
  m_Script: {fileID: 11500000, guid: 90dc44100ff3ca340bc7814d4d980051, type: 3}
  m_Name: 
  m_EditorClassIdentifier: 
  debug: 0
--- !u!82 &1591216846116527315
AudioSource:
  m_ObjectHideFlags: 0
  m_CorrespondingSourceObject: {fileID: 0}
  m_PrefabInstance: {fileID: 0}
  m_PrefabAsset: {fileID: 0}
  m_GameObject: {fileID: 1742748082416196}
  m_Enabled: 1
  serializedVersion: 4
  OutputAudioMixerGroup: {fileID: 0}
  m_audioClip: {fileID: 0}
  m_PlayOnAwake: 0
  m_Volume: 1
  m_Pitch: 1
  Loop: 0
  Mute: 0
  Spatialize: 0
  SpatializePostEffects: 0
  Priority: 128
  DopplerLevel: 1
  MinDistance: 1
  MaxDistance: 50
  Pan2D: 0
  rolloffMode: 0
  BypassEffects: 0
  BypassListenerEffects: 0
  BypassReverbZones: 0
  rolloffCustomCurve:
    serializedVersion: 2
    m_Curve:
    - serializedVersion: 3
      time: 0
      value: 1
      inSlope: 0
      outSlope: 0
      tangentMode: 0
      weightedMode: 0
      inWeight: 0.33333334
      outWeight: 0.33333334
    - serializedVersion: 3
      time: 1
      value: 0
      inSlope: 0
      outSlope: 0
      tangentMode: 0
      weightedMode: 0
      inWeight: 0.33333334
      outWeight: 0.33333334
    m_PreInfinity: 2
    m_PostInfinity: 2
    m_RotationOrder: 4
  panLevelCustomCurve:
    serializedVersion: 2
    m_Curve:
    - serializedVersion: 3
      time: 0
      value: 0
      inSlope: 0
      outSlope: 0
      tangentMode: 0
      weightedMode: 0
      inWeight: 0.33333334
      outWeight: 0.33333334
    m_PreInfinity: 2
    m_PostInfinity: 2
    m_RotationOrder: 4
  spreadCustomCurve:
    serializedVersion: 2
    m_Curve:
    - serializedVersion: 3
      time: 0
      value: 0
      inSlope: 0
      outSlope: 0
      tangentMode: 0
      weightedMode: 0
      inWeight: 0.33333334
      outWeight: 0.33333334
    m_PreInfinity: 2
    m_PostInfinity: 2
    m_RotationOrder: 4
  reverbZoneMixCustomCurve:
    serializedVersion: 2
    m_Curve:
    - serializedVersion: 3
      time: 0
      value: 1
      inSlope: 0
      outSlope: 0
      tangentMode: 0
      weightedMode: 0
      inWeight: 0.33333334
      outWeight: 0.33333334
    m_PreInfinity: 2
    m_PostInfinity: 2
    m_RotationOrder: 4
--- !u!95 &566884268225876391
Animator:
  serializedVersion: 3
  m_ObjectHideFlags: 0
  m_CorrespondingSourceObject: {fileID: 0}
  m_PrefabInstance: {fileID: 0}
  m_PrefabAsset: {fileID: 0}
  m_GameObject: {fileID: 1742748082416196}
  m_Enabled: 1
  m_Avatar: {fileID: 0}
  m_Controller: {fileID: 9100000, guid: 7e3345fbb2348ea4fa1d3ed6068a1524, type: 2}
  m_CullingMode: 0
  m_UpdateMode: 0
  m_ApplyRootMotion: 0
  m_LinearVelocityBlending: 0
  m_WarningMessage: 
  m_HasTransformHierarchy: 1
  m_AllowConstantClipSamplingOptimization: 1
  m_KeepAnimatorControllerStateOnDisable: 0
--- !u!1 &1820232568106314
GameObject:
  m_ObjectHideFlags: 0
  m_CorrespondingSourceObject: {fileID: 0}
  m_PrefabInstance: {fileID: 0}
  m_PrefabAsset: {fileID: 0}
  serializedVersion: 6
  m_Component:
  - component: {fileID: 4808348581980070}
  - component: {fileID: 20177983632312682}
  - component: {fileID: 124215121275941516}
  - component: {fileID: 81740980058257104}
  - component: {fileID: 1927037380712740740}
  - component: {fileID: 114702193332755462}
  - component: {fileID: 697210818}
  - component: {fileID: 697210819}
  - component: {fileID: 8968127381693147155}
  - component: {fileID: 8613028321607096401}
  - component: {fileID: 495128881088454204}
  m_Layer: 8
  m_Name: Main Camera
  m_TagString: MainCamera
  m_Icon: {fileID: 0}
  m_NavMeshLayer: 0
  m_StaticEditorFlags: 0
  m_IsActive: 1
--- !u!4 &4808348581980070
Transform:
  m_ObjectHideFlags: 0
  m_CorrespondingSourceObject: {fileID: 0}
  m_PrefabInstance: {fileID: 0}
  m_PrefabAsset: {fileID: 0}
  m_GameObject: {fileID: 1820232568106314}
  m_LocalRotation: {x: -0, y: -0, z: -0, w: 1}
  m_LocalPosition: {x: 0, y: 1.23, z: -1}
  m_LocalScale: {x: 1, y: 1, z: 1}
  m_Children:
  - {fileID: 2323148848020524006}
  - {fileID: 993231344407655387}
  m_Father: {fileID: 4425342262442788}
  m_RootOrder: 1
  m_LocalEulerAnglesHint: {x: 0, y: 0, z: 0}
--- !u!20 &20177983632312682
Camera:
  m_ObjectHideFlags: 0
  m_CorrespondingSourceObject: {fileID: 0}
  m_PrefabInstance: {fileID: 0}
  m_PrefabAsset: {fileID: 0}
  m_GameObject: {fileID: 1820232568106314}
  m_Enabled: 1
  serializedVersion: 2
  m_ClearFlags: 1
  m_BackGroundColor: {r: 0.19215687, g: 0.3019608, b: 0.4745098, a: 0}
  m_projectionMatrixMode: 1
  m_SensorSize: {x: 36, y: 24}
  m_LensShift: {x: 0, y: 0}
  m_GateFitMode: 2
  m_FocalLength: 50
  m_NormalizedViewPortRect:
    serializedVersion: 2
    x: 0
    y: 0
    width: 1
    height: 1
  near clip plane: 0.3
  far clip plane: 1000
  field of view: 60
  orthographic: 1
  orthographic size: 10
  m_Depth: -1
  m_CullingMask:
    serializedVersion: 2
    m_Bits: 4294967295
  m_RenderingPath: -1
  m_TargetTexture: {fileID: 0}
  m_TargetDisplay: 0
  m_TargetEye: 3
  m_HDR: 1
  m_AllowMSAA: 1
  m_AllowDynamicResolution: 0
  m_ForceIntoRT: 1
  m_OcclusionCulling: 1
  m_StereoConvergence: 10
  m_StereoSeparation: 0.022
--- !u!124 &124215121275941516
Behaviour:
  m_ObjectHideFlags: 0
  m_CorrespondingSourceObject: {fileID: 0}
  m_PrefabInstance: {fileID: 0}
  m_PrefabAsset: {fileID: 0}
  m_GameObject: {fileID: 1820232568106314}
  m_Enabled: 1
--- !u!81 &81740980058257104
AudioListener:
  m_ObjectHideFlags: 0
  m_CorrespondingSourceObject: {fileID: 0}
  m_PrefabInstance: {fileID: 0}
  m_PrefabAsset: {fileID: 0}
  m_GameObject: {fileID: 1820232568106314}
  m_Enabled: 1
--- !u!169 &1927037380712740740
AudioLowPassFilter:
  m_ObjectHideFlags: 0
  m_CorrespondingSourceObject: {fileID: 0}
  m_PrefabInstance: {fileID: 0}
  m_PrefabAsset: {fileID: 0}
  m_GameObject: {fileID: 1820232568106314}
  m_Enabled: 1
  serializedVersion: 3
  m_LowpassResonanceQ: 1
  lowpassLevelCustomCurve:
    serializedVersion: 2
    m_Curve:
    - serializedVersion: 3
      time: 0
      value: 0.22727273
      inSlope: 0
      outSlope: 0
      tangentMode: 0
      weightedMode: 0
      inWeight: 0.33333334
      outWeight: 0.33333334
    m_PreInfinity: 2
    m_PostInfinity: 2
    m_RotationOrder: 4
--- !u!114 &114702193332755462
MonoBehaviour:
  m_ObjectHideFlags: 0
  m_CorrespondingSourceObject: {fileID: 0}
  m_PrefabInstance: {fileID: 0}
  m_PrefabAsset: {fileID: 0}
  m_GameObject: {fileID: 1820232568106314}
  m_Enabled: 1
  m_EditorHideFlags: 0
  m_Script: {fileID: 11500000, guid: c62ba76ae72015c419f909a64b13d0bd, type: 3}
  m_Name: 
  m_EditorClassIdentifier: 
--- !u!114 &697210818
MonoBehaviour:
  m_ObjectHideFlags: 0
  m_CorrespondingSourceObject: {fileID: 0}
  m_PrefabInstance: {fileID: 0}
  m_PrefabAsset: {fileID: 0}
  m_GameObject: {fileID: 1820232568106314}
  m_Enabled: 0
  m_EditorHideFlags: 0
  m_Script: {fileID: 11500000, guid: 8b9a305e18de0c04dbd257a21cd47087, type: 3}
  m_Name: 
  m_EditorClassIdentifier: 
  sharedProfile: {fileID: 11400000, guid: 6c046e8acb1100e4a80b853db3fbcd80, type: 2}
  isGlobal: 1
  blendDistance: 0
  weight: 1
  priority: 0
--- !u!114 &697210819
MonoBehaviour:
  m_ObjectHideFlags: 0
  m_CorrespondingSourceObject: {fileID: 0}
  m_PrefabInstance: {fileID: 0}
  m_PrefabAsset: {fileID: 0}
  m_GameObject: {fileID: 1820232568106314}
  m_Enabled: 0
  m_EditorHideFlags: 0
  m_Script: {fileID: 11500000, guid: 948f4100a11a5c24981795d21301da5c, type: 3}
  m_Name: 
  m_EditorClassIdentifier: 
  volumeTrigger: {fileID: 4808348581980070}
  volumeLayer:
    serializedVersion: 2
    m_Bits: 256
  stopNaNPropagation: 1
  finalBlitToCameraTarget: 1
  antialiasingMode: 0
  temporalAntialiasing:
    jitterSpread: 0.75
    sharpness: 0.25
    stationaryBlending: 0.95
    motionBlending: 0.85
  subpixelMorphologicalAntialiasing:
    quality: 2
  fastApproximateAntialiasing:
    fastMode: 0
    keepAlpha: 1
  fog:
    enabled: 1
    excludeSkybox: 1
  debugLayer:
    lightMeter:
      width: 512
      height: 256
      showCurves: 1
    histogram:
      width: 512
      height: 256
      channel: 3
    waveform:
      exposure: 0.12
      height: 256
    vectorscope:
      size: 256
      exposure: 0.12
    overlaySettings:
      linearDepth: 0
      motionColorIntensity: 4
      motionGridSize: 64
      colorBlindnessType: 0
      colorBlindnessStrength: 1
  m_Resources: {fileID: 11400000, guid: d82512f9c8e5d4a4d938b575d47f88d4, type: 2}
  m_ShowToolkit: 1
  m_ShowCustomSorter: 0
  breakBeforeColorGrading: 0
  m_BeforeTransparentBundles: []
  m_BeforeStackBundles: []
  m_AfterStackBundles: []
--- !u!114 &8968127381693147155
MonoBehaviour:
  m_ObjectHideFlags: 0
  m_CorrespondingSourceObject: {fileID: 0}
  m_PrefabInstance: {fileID: 0}
  m_PrefabAsset: {fileID: 0}
  m_GameObject: {fileID: 1820232568106314}
  m_Enabled: 0
  m_EditorHideFlags: 0
  m_Script: {fileID: 11500000, guid: b555769027f8d8f4eb2ea80a7cf3952c, type: 3}
  m_Name: 
  m_EditorClassIdentifier: 
  health: {fileID: 114261823353902158}
  profile: {fileID: 11400000, guid: 6c046e8acb1100e4a80b853db3fbcd80, type: 2}
  vignetteAnimationCurve:
    serializedVersion: 2
    m_Curve:
    - serializedVersion: 3
      time: 0.0041666673
      value: 0.0010284428
      inSlope: 10.031396
      outSlope: 10.031396
      tangentMode: 0
      weightedMode: 0
      inWeight: 0.33333334
      outWeight: 0.4055131
    - serializedVersion: 3
      time: 0.25
      value: 1.0036314
      inSlope: -0.010250647
      outSlope: -0.010250647
      tangentMode: 0
      weightedMode: 0
      inWeight: 0.33333334
      outWeight: 1
    - serializedVersion: 3
      time: 0.5
      value: -0.0075861216
      inSlope: -9.354059
      outSlope: -9.354059
      tangentMode: 0
      weightedMode: 0
      inWeight: 0.42931783
      outWeight: 0.43347335
    - serializedVersion: 3
      time: 0.75
      value: -1.0042584
      inSlope: -0.0031068954
      outSlope: -0.0031068954
      tangentMode: 0
      weightedMode: 0
      inWeight: 0.33333334
      outWeight: 0.8133737
    - serializedVersion: 3
      time: 1
      value: 0.0020623887
      inSlope: 9.057925
      outSlope: 9.057925
      tangentMode: 0
      weightedMode: 0
      inWeight: 0.44051266
      outWeight: 0.33333334
    m_PreInfinity: 1
    m_PostInfinity: 1
    m_RotationOrder: 4
  lowPassFilter: {fileID: 1927037380712740740}
  maxIntensity: 1
  animationIntensity: 0.2
  interpolationSpeed: 100
  maxPercentage: 0.9
  minPercentage: 0.2
--- !u!114 &8613028321607096401
MonoBehaviour:
  m_ObjectHideFlags: 0
  m_CorrespondingSourceObject: {fileID: 0}
  m_PrefabInstance: {fileID: 0}
  m_PrefabAsset: {fileID: 0}
  m_GameObject: {fileID: 1820232568106314}
  m_Enabled: 1
  m_EditorHideFlags: 0
  m_Script: {fileID: 11500000, guid: 963007d776b09f0438373e680c04af40, type: 3}
  m_Name: 
  m_EditorClassIdentifier: 
  health: {fileID: 114261823353902158}
  canvasGroups:
  - {fileID: 5824988023488110304}
  animators:
  - {fileID: 5065187357684104699}
  lowPassFilter: {fileID: 1927037380712740740}
  hurtAudio: {fileID: 495128881088454204}
  maxIntensity: 1
  interpolationSpeed: 100
  maxPercentage: 0.9
  minPercentage: 0.2
  minVolume: 0
  maxVolume: 0.3
--- !u!82 &495128881088454204
AudioSource:
  m_ObjectHideFlags: 0
  m_CorrespondingSourceObject: {fileID: 0}
  m_PrefabInstance: {fileID: 0}
  m_PrefabAsset: {fileID: 0}
  m_GameObject: {fileID: 1820232568106314}
  m_Enabled: 1
  serializedVersion: 4
  OutputAudioMixerGroup: {fileID: 24300002, guid: 0b92f10ccb96e8640ab889fc426bc7d1,
    type: 2}
  m_audioClip: {fileID: 8300000, guid: 1789c140d6d7f044b8a3974c9cb6ae68, type: 3}
  m_PlayOnAwake: 1
  m_Volume: 0
  m_Pitch: 1
  Loop: 1
  Mute: 0
  Spatialize: 0
  SpatializePostEffects: 0
  Priority: 128
  DopplerLevel: 1
  MinDistance: 1
  MaxDistance: 50
  Pan2D: 0
  rolloffMode: 0
  BypassEffects: 0
  BypassListenerEffects: 0
  BypassReverbZones: 0
  rolloffCustomCurve:
    serializedVersion: 2
    m_Curve:
    - serializedVersion: 3
      time: 0
      value: 1
      inSlope: 0
      outSlope: 0
      tangentMode: 0
      weightedMode: 0
      inWeight: 0.33333334
      outWeight: 0.33333334
    - serializedVersion: 3
      time: 1
      value: 0
      inSlope: 0
      outSlope: 0
      tangentMode: 0
      weightedMode: 0
      inWeight: 0.33333334
      outWeight: 0.33333334
    m_PreInfinity: 2
    m_PostInfinity: 2
    m_RotationOrder: 4
  panLevelCustomCurve:
    serializedVersion: 2
    m_Curve:
    - serializedVersion: 3
      time: 0
      value: 0
      inSlope: 0
      outSlope: 0
      tangentMode: 0
      weightedMode: 0
      inWeight: 0.33333334
      outWeight: 0.33333334
    m_PreInfinity: 2
    m_PostInfinity: 2
    m_RotationOrder: 4
  spreadCustomCurve:
    serializedVersion: 2
    m_Curve:
    - serializedVersion: 3
      time: 0
      value: 0
      inSlope: 0
      outSlope: 0
      tangentMode: 0
      weightedMode: 0
      inWeight: 0.33333334
      outWeight: 0.33333334
    m_PreInfinity: 2
    m_PostInfinity: 2
    m_RotationOrder: 4
  reverbZoneMixCustomCurve:
    serializedVersion: 2
    m_Curve:
    - serializedVersion: 3
      time: 0
      value: 1
      inSlope: 0
      outSlope: 0
      tangentMode: 0
      weightedMode: 0
      inWeight: 0.33333334
      outWeight: 0.33333334
    m_PreInfinity: 2
    m_PostInfinity: 2
    m_RotationOrder: 4
--- !u!1 &1892925473293786
GameObject:
  m_ObjectHideFlags: 0
  m_CorrespondingSourceObject: {fileID: 0}
  m_PrefabInstance: {fileID: 0}
  m_PrefabAsset: {fileID: 0}
  serializedVersion: 6
  m_Component:
  - component: {fileID: 4835546788426104}
  - component: {fileID: 212416462596521952}
  m_Layer: 8
  m_Name: forest-background
  m_TagString: Untagged
  m_Icon: {fileID: 0}
  m_NavMeshLayer: 0
  m_StaticEditorFlags: 0
  m_IsActive: 0
--- !u!4 &4835546788426104
Transform:
  m_ObjectHideFlags: 0
  m_CorrespondingSourceObject: {fileID: 0}
  m_PrefabInstance: {fileID: 0}
  m_PrefabAsset: {fileID: 0}
  m_GameObject: {fileID: 1892925473293786}
  m_LocalRotation: {x: -0, y: -0, z: -0, w: 1}
  m_LocalPosition: {x: 0, y: 0, z: 0}
  m_LocalScale: {x: 1.4, y: 1.4, z: 1.4}
  m_Children: []
  m_Father: {fileID: 4425342262442788}
  m_RootOrder: 0
  m_LocalEulerAnglesHint: {x: 0, y: 0, z: 0}
--- !u!212 &212416462596521952
SpriteRenderer:
  m_ObjectHideFlags: 0
  m_CorrespondingSourceObject: {fileID: 0}
  m_PrefabInstance: {fileID: 0}
  m_PrefabAsset: {fileID: 0}
  m_GameObject: {fileID: 1892925473293786}
  m_Enabled: 1
  m_CastShadows: 0
  m_ReceiveShadows: 0
  m_DynamicOccludee: 1
  m_MotionVectors: 1
  m_LightProbeUsage: 1
  m_ReflectionProbeUsage: 1
  m_RenderingLayerMask: 4294967295
  m_RendererPriority: 0
  m_Materials:
  - {fileID: 10754, guid: 0000000000000000f000000000000000, type: 0}
  m_StaticBatchInfo:
    firstSubMesh: 0
    subMeshCount: 0
  m_StaticBatchRoot: {fileID: 0}
  m_ProbeAnchor: {fileID: 0}
  m_LightProbeVolumeOverride: {fileID: 0}
  m_ScaleInLightmap: 1
  m_PreserveUVs: 0
  m_IgnoreNormalsForChartDetection: 0
  m_ImportantGI: 0
  m_StitchLightmapSeams: 0
  m_SelectedEditorRenderState: 0
  m_MinimumChartSize: 4
  m_AutoUVMaxDistance: 0.5
  m_AutoUVMaxAngle: 89
  m_LightmapParameters: {fileID: 0}
  m_SortingLayerID: -893447113
  m_SortingLayer: -10
  m_SortingOrder: 0
  m_Sprite: {fileID: 21300000, guid: 63aa21da568652047887ec9974714492, type: 3}
  m_Color: {r: 1, g: 1, b: 1, a: 1}
  m_FlipX: 0
  m_FlipY: 0
  m_DrawMode: 0
  m_Size: {x: 51.2, y: 28.8}
  m_AdaptiveModeThreshold: 0.5
  m_SpriteTileMode: 0
  m_WasSpriteAssigned: 1
  m_MaskInteraction: 0
  m_SpriteSortPoint: 0
--- !u!1 &1235765919252489835
GameObject:
  m_ObjectHideFlags: 0
  m_CorrespondingSourceObject: {fileID: 0}
  m_PrefabInstance: {fileID: 0}
  m_PrefabAsset: {fileID: 0}
  serializedVersion: 6
  m_Component:
  - component: {fileID: 8171259089135183147}
  - component: {fileID: 5824988023488110304}
  m_Layer: 5
  m_Name: VignettePanel
  m_TagString: Untagged
  m_Icon: {fileID: 0}
  m_NavMeshLayer: 0
  m_StaticEditorFlags: 0
  m_IsActive: 1
--- !u!224 &8171259089135183147
RectTransform:
  m_ObjectHideFlags: 0
  m_CorrespondingSourceObject: {fileID: 0}
  m_PrefabInstance: {fileID: 0}
  m_PrefabAsset: {fileID: 0}
  m_GameObject: {fileID: 1235765919252489835}
  m_LocalRotation: {x: 0, y: 0, z: 0, w: 1}
  m_LocalPosition: {x: 0, y: 0, z: 0}
  m_LocalScale: {x: 1, y: 1, z: 1}
  m_Children:
  - {fileID: 6877737569657895976}
  m_Father: {fileID: 2323148848020524006}
  m_RootOrder: 0
  m_LocalEulerAnglesHint: {x: 0, y: 0, z: 0}
  m_AnchorMin: {x: 0, y: 0}
  m_AnchorMax: {x: 1, y: 1}
  m_AnchoredPosition: {x: 0, y: 0}
  m_SizeDelta: {x: 0, y: 0}
  m_Pivot: {x: 0.5, y: 0.5}
--- !u!225 &5824988023488110304
CanvasGroup:
  m_ObjectHideFlags: 0
  m_CorrespondingSourceObject: {fileID: 0}
  m_PrefabInstance: {fileID: 0}
  m_PrefabAsset: {fileID: 0}
  m_GameObject: {fileID: 1235765919252489835}
  m_Enabled: 1
  m_Alpha: 0
  m_Interactable: 1
  m_BlocksRaycasts: 1
  m_IgnoreParentGroups: 0
--- !u!1 &3130183319554071596
GameObject:
  m_ObjectHideFlags: 0
  m_CorrespondingSourceObject: {fileID: 0}
  m_PrefabInstance: {fileID: 0}
  m_PrefabAsset: {fileID: 0}
  serializedVersion: 6
  m_Component:
  - component: {fileID: 5514908006901510379}
  - component: {fileID: 6820062036260320077}
  - component: {fileID: 2518622697391724642}
  m_Layer: 5
  m_Name: Grunge
  m_TagString: Untagged
  m_Icon: {fileID: 0}
  m_NavMeshLayer: 0
  m_StaticEditorFlags: 0
  m_IsActive: 1
--- !u!224 &5514908006901510379
RectTransform:
  m_ObjectHideFlags: 0
  m_CorrespondingSourceObject: {fileID: 0}
  m_PrefabInstance: {fileID: 0}
  m_PrefabAsset: {fileID: 0}
  m_GameObject: {fileID: 3130183319554071596}
  m_LocalRotation: {x: -0, y: -0, z: -0, w: 1}
  m_LocalPosition: {x: 0, y: 0, z: 0}
  m_LocalScale: {x: 1, y: 1, z: 1}
  m_Children: []
  m_Father: {fileID: 6877737569657895976}
  m_RootOrder: 0
  m_LocalEulerAnglesHint: {x: 0, y: 0, z: 0}
  m_AnchorMin: {x: 0, y: 0}
  m_AnchorMax: {x: 1, y: 1}
  m_AnchoredPosition: {x: 0, y: 0}
  m_SizeDelta: {x: 0, y: 0}
  m_Pivot: {x: 0.5, y: 0.5}
--- !u!222 &6820062036260320077
CanvasRenderer:
  m_ObjectHideFlags: 0
  m_CorrespondingSourceObject: {fileID: 0}
  m_PrefabInstance: {fileID: 0}
  m_PrefabAsset: {fileID: 0}
  m_GameObject: {fileID: 3130183319554071596}
  m_CullTransparentMesh: 0
--- !u!114 &2518622697391724642
MonoBehaviour:
  m_ObjectHideFlags: 0
  m_CorrespondingSourceObject: {fileID: 0}
  m_PrefabInstance: {fileID: 0}
  m_PrefabAsset: {fileID: 0}
  m_GameObject: {fileID: 3130183319554071596}
  m_Enabled: 1
  m_EditorHideFlags: 0
  m_Script: {fileID: -765806418, guid: f70555f144d8491a825f0804e09c671c, type: 3}
  m_Name: 
  m_EditorClassIdentifier: 
  m_Material: {fileID: 0}
  m_Color: {r: 1, g: 0, b: 0, a: 0.21176471}
  m_RaycastTarget: 1
  m_OnCullStateChanged:
    m_PersistentCalls:
      m_Calls: []
    m_TypeName: UnityEngine.UI.MaskableGraphic+CullStateChangedEvent, UnityEngine.UI,
      Version=1.0.0.0, Culture=neutral, PublicKeyToken=null
  m_Sprite: {fileID: 21300000, guid: 1f946d74bf3a5f44db6bc45f7906685f, type: 3}
  m_Type: 0
  m_PreserveAspect: 0
  m_FillCenter: 1
  m_FillMethod: 4
  m_FillAmount: 1
  m_FillClockwise: 1
  m_FillOrigin: 0
  m_UseSpriteMesh: 0
--- !u!1 &3283914647760620038
GameObject:
  m_ObjectHideFlags: 0
  m_CorrespondingSourceObject: {fileID: 0}
  m_PrefabInstance: {fileID: 0}
  m_PrefabAsset: {fileID: 0}
  serializedVersion: 6
  m_Component:
  - component: {fileID: 6877737569657895976}
  - component: {fileID: 1284253042758289799}
  - component: {fileID: 5065187357684104699}
  m_Layer: 5
  m_Name: DamageVignette
  m_TagString: Untagged
  m_Icon: {fileID: 0}
  m_NavMeshLayer: 0
  m_StaticEditorFlags: 0
  m_IsActive: 1
--- !u!224 &6877737569657895976
RectTransform:
  m_ObjectHideFlags: 0
  m_CorrespondingSourceObject: {fileID: 0}
  m_PrefabInstance: {fileID: 0}
  m_PrefabAsset: {fileID: 0}
  m_GameObject: {fileID: 3283914647760620038}
  m_LocalRotation: {x: -0, y: -0, z: -0, w: 1}
  m_LocalPosition: {x: 0, y: 0, z: 0}
  m_LocalScale: {x: 1, y: 1, z: 1}
  m_Children:
  - {fileID: 5514908006901510379}
  - {fileID: 2146511954662400268}
  m_Father: {fileID: 8171259089135183147}
  m_RootOrder: 0
  m_LocalEulerAnglesHint: {x: 0, y: 0, z: 0}
  m_AnchorMin: {x: 0, y: 0}
  m_AnchorMax: {x: 1, y: 1}
  m_AnchoredPosition: {x: 0, y: 0}
  m_SizeDelta: {x: 0, y: 0}
  m_Pivot: {x: 0.5, y: 0.5}
--- !u!225 &1284253042758289799
CanvasGroup:
  m_ObjectHideFlags: 0
  m_CorrespondingSourceObject: {fileID: 0}
  m_PrefabInstance: {fileID: 0}
  m_PrefabAsset: {fileID: 0}
  m_GameObject: {fileID: 3283914647760620038}
  m_Enabled: 1
  m_Alpha: 1
  m_Interactable: 1
  m_BlocksRaycasts: 1
  m_IgnoreParentGroups: 0
--- !u!95 &5065187357684104699
Animator:
  serializedVersion: 3
  m_ObjectHideFlags: 0
  m_CorrespondingSourceObject: {fileID: 0}
  m_PrefabInstance: {fileID: 0}
  m_PrefabAsset: {fileID: 0}
  m_GameObject: {fileID: 3283914647760620038}
  m_Enabled: 1
  m_Avatar: {fileID: 0}
  m_Controller: {fileID: 9100000, guid: e98acf721a164f3408b24494ee3f1c49, type: 2}
  m_CullingMode: 0
  m_UpdateMode: 0
  m_ApplyRootMotion: 0
  m_LinearVelocityBlending: 0
  m_WarningMessage: 
  m_HasTransformHierarchy: 1
  m_AllowConstantClipSamplingOptimization: 1
  m_KeepAnimatorControllerStateOnDisable: 0
--- !u!1 &4727688032707214479
GameObject:
  m_ObjectHideFlags: 0
  m_CorrespondingSourceObject: {fileID: 0}
  m_PrefabInstance: {fileID: 0}
  m_PrefabAsset: {fileID: 0}
  serializedVersion: 6
  m_Component:
  - component: {fileID: 2146511954662400268}
  - component: {fileID: 2453586469750175663}
  - component: {fileID: 5888532909840326145}
  m_Layer: 5
  m_Name: Round
  m_TagString: Untagged
  m_Icon: {fileID: 0}
  m_NavMeshLayer: 0
  m_StaticEditorFlags: 0
  m_IsActive: 1
--- !u!224 &2146511954662400268
RectTransform:
  m_ObjectHideFlags: 0
  m_CorrespondingSourceObject: {fileID: 0}
  m_PrefabInstance: {fileID: 0}
  m_PrefabAsset: {fileID: 0}
  m_GameObject: {fileID: 4727688032707214479}
  m_LocalRotation: {x: -0, y: -0, z: -0, w: 1}
  m_LocalPosition: {x: 0, y: 0, z: 0}
  m_LocalScale: {x: 1, y: 1, z: 1}
  m_Children: []
  m_Father: {fileID: 6877737569657895976}
  m_RootOrder: 1
  m_LocalEulerAnglesHint: {x: 0, y: 0, z: 0}
  m_AnchorMin: {x: 0, y: 0}
  m_AnchorMax: {x: 1, y: 1}
  m_AnchoredPosition: {x: 0, y: 0}
  m_SizeDelta: {x: 0, y: 0}
  m_Pivot: {x: 0.5, y: 0.5}
--- !u!222 &2453586469750175663
CanvasRenderer:
  m_ObjectHideFlags: 0
  m_CorrespondingSourceObject: {fileID: 0}
  m_PrefabInstance: {fileID: 0}
  m_PrefabAsset: {fileID: 0}
  m_GameObject: {fileID: 4727688032707214479}
  m_CullTransparentMesh: 0
--- !u!114 &5888532909840326145
MonoBehaviour:
  m_ObjectHideFlags: 0
  m_CorrespondingSourceObject: {fileID: 0}
  m_PrefabInstance: {fileID: 0}
  m_PrefabAsset: {fileID: 0}
  m_GameObject: {fileID: 4727688032707214479}
  m_Enabled: 1
  m_EditorHideFlags: 0
  m_Script: {fileID: -765806418, guid: f70555f144d8491a825f0804e09c671c, type: 3}
  m_Name: 
  m_EditorClassIdentifier: 
  m_Material: {fileID: 0}
  m_Color: {r: 0.259, g: 0, b: 0, a: 0.7058824}
  m_RaycastTarget: 1
  m_OnCullStateChanged:
    m_PersistentCalls:
      m_Calls: []
    m_TypeName: UnityEngine.UI.MaskableGraphic+CullStateChangedEvent, UnityEngine.UI,
      Version=1.0.0.0, Culture=neutral, PublicKeyToken=null
  m_Sprite: {fileID: 21300000, guid: 2bc345ad79ae05b45a030512aaabae78, type: 3}
  m_Type: 0
  m_PreserveAspect: 0
  m_FillCenter: 1
  m_FillMethod: 4
  m_FillAmount: 1
  m_FillClockwise: 1
  m_FillOrigin: 0
  m_UseSpriteMesh: 0
--- !u!1 &9048217937049584265
GameObject:
  m_ObjectHideFlags: 0
  m_CorrespondingSourceObject: {fileID: 0}
  m_PrefabInstance: {fileID: 0}
  m_PrefabAsset: {fileID: 0}
  serializedVersion: 6
  m_Component:
  - component: {fileID: 2323148848020524006}
  - component: {fileID: 7362489259084753535}
  - component: {fileID: 6722250066144582309}
  m_Layer: 5
  m_Name: Canvas
  m_TagString: Untagged
  m_Icon: {fileID: 0}
  m_NavMeshLayer: 0
  m_StaticEditorFlags: 0
  m_IsActive: 1
--- !u!224 &2323148848020524006
RectTransform:
  m_ObjectHideFlags: 0
  m_CorrespondingSourceObject: {fileID: 0}
  m_PrefabInstance: {fileID: 0}
  m_PrefabAsset: {fileID: 0}
  m_GameObject: {fileID: 9048217937049584265}
  m_LocalRotation: {x: 0, y: 0, z: 0, w: 1}
  m_LocalPosition: {x: 0, y: 0, z: 0}
  m_LocalScale: {x: 0, y: 0, z: 0}
  m_Children:
  - {fileID: 8171259089135183147}
  m_Father: {fileID: 4808348581980070}
  m_RootOrder: 0
  m_LocalEulerAnglesHint: {x: 0, y: 0, z: 0}
  m_AnchorMin: {x: 0, y: 0}
  m_AnchorMax: {x: 0, y: 0}
  m_AnchoredPosition: {x: 0, y: 0}
  m_SizeDelta: {x: 0, y: 0}
  m_Pivot: {x: 0, y: 0}
--- !u!223 &7362489259084753535
Canvas:
  m_ObjectHideFlags: 0
  m_CorrespondingSourceObject: {fileID: 0}
  m_PrefabInstance: {fileID: 0}
  m_PrefabAsset: {fileID: 0}
  m_GameObject: {fileID: 9048217937049584265}
  m_Enabled: 1
  serializedVersion: 3
  m_RenderMode: 1
  m_Camera: {fileID: 20177983632312682}
  m_PlaneDistance: 100
  m_PixelPerfect: 0
  m_ReceivesEvents: 1
  m_OverrideSorting: 0
  m_OverridePixelPerfect: 0
  m_SortingBucketNormalizedSize: 0
  m_AdditionalShaderChannelsFlag: 0
  m_SortingLayerID: 0
  m_SortingOrder: 0
  m_TargetDisplay: 0
--- !u!114 &6722250066144582309
MonoBehaviour:
  m_ObjectHideFlags: 0
  m_CorrespondingSourceObject: {fileID: 0}
  m_PrefabInstance: {fileID: 0}
  m_PrefabAsset: {fileID: 0}
  m_GameObject: {fileID: 9048217937049584265}
  m_Enabled: 1
  m_EditorHideFlags: 0
  m_Script: {fileID: 1980459831, guid: f70555f144d8491a825f0804e09c671c, type: 3}
  m_Name: 
  m_EditorClassIdentifier: 
  m_UiScaleMode: 1
  m_ReferencePixelsPerUnit: 100
  m_ScaleFactor: 1
  m_ReferenceResolution: {x: 800, y: 600}
  m_ScreenMatchMode: 0
  m_MatchWidthOrHeight: 0
  m_PhysicalUnit: 3
  m_FallbackScreenDPI: 96
  m_DefaultSpriteDPI: 96
  m_DynamicPixelsPerUnit: 1
--- !u!1001 &1064833470
PrefabInstance:
  m_ObjectHideFlags: 0
  serializedVersion: 2
  m_Modification:
    m_TransformParent: {fileID: 4808348581980070}
    m_Modifications:
    - target: {fileID: 993231343620694630, guid: 3bffbc64f22e82f47bf5d11452003c94,
        type: 3}
      propertyPath: m_Name
      value: BackgroundTutorial
      objectReference: {fileID: 0}
    - target: {fileID: 993231343620694630, guid: 3bffbc64f22e82f47bf5d11452003c94,
        type: 3}
      propertyPath: m_IsActive
      value: 1
      objectReference: {fileID: 0}
    - target: {fileID: 993231343620694629, guid: 3bffbc64f22e82f47bf5d11452003c94,
        type: 3}
      propertyPath: m_LocalPosition.x
      value: 0
      objectReference: {fileID: 0}
    - target: {fileID: 993231343620694629, guid: 3bffbc64f22e82f47bf5d11452003c94,
        type: 3}
      propertyPath: m_LocalPosition.y
      value: -1.23
      objectReference: {fileID: 0}
    - target: {fileID: 993231343620694629, guid: 3bffbc64f22e82f47bf5d11452003c94,
        type: 3}
      propertyPath: m_LocalPosition.z
      value: 1
      objectReference: {fileID: 0}
    - target: {fileID: 993231343620694629, guid: 3bffbc64f22e82f47bf5d11452003c94,
        type: 3}
      propertyPath: m_LocalRotation.x
      value: -0
      objectReference: {fileID: 0}
    - target: {fileID: 993231343620694629, guid: 3bffbc64f22e82f47bf5d11452003c94,
        type: 3}
      propertyPath: m_LocalRotation.y
      value: -0
      objectReference: {fileID: 0}
    - target: {fileID: 993231343620694629, guid: 3bffbc64f22e82f47bf5d11452003c94,
        type: 3}
      propertyPath: m_LocalRotation.z
      value: -0
      objectReference: {fileID: 0}
    - target: {fileID: 993231343620694629, guid: 3bffbc64f22e82f47bf5d11452003c94,
        type: 3}
      propertyPath: m_LocalRotation.w
      value: 1
      objectReference: {fileID: 0}
    - target: {fileID: 993231343620694629, guid: 3bffbc64f22e82f47bf5d11452003c94,
        type: 3}
      propertyPath: m_RootOrder
      value: 1
      objectReference: {fileID: 0}
    - target: {fileID: 993231343620694629, guid: 3bffbc64f22e82f47bf5d11452003c94,
        type: 3}
      propertyPath: m_LocalEulerAnglesHint.x
      value: 0
      objectReference: {fileID: 0}
    - target: {fileID: 993231343620694629, guid: 3bffbc64f22e82f47bf5d11452003c94,
        type: 3}
      propertyPath: m_LocalEulerAnglesHint.y
      value: 0
      objectReference: {fileID: 0}
    - target: {fileID: 993231343620694629, guid: 3bffbc64f22e82f47bf5d11452003c94,
        type: 3}
      propertyPath: m_LocalEulerAnglesHint.z
      value: 0
      objectReference: {fileID: 0}
    - target: {fileID: 993231343990982487, guid: 3bffbc64f22e82f47bf5d11452003c94,
        type: 3}
      propertyPath: m_AnchoredPosition.x
      value: 43.29261
      objectReference: {fileID: 0}
    - target: {fileID: 993231343990982487, guid: 3bffbc64f22e82f47bf5d11452003c94,
        type: 3}
      propertyPath: m_AnchoredPosition.y
      value: 11.433361
      objectReference: {fileID: 0}
    - target: {fileID: 993231345256236304, guid: 3bffbc64f22e82f47bf5d11452003c94,
        type: 3}
      propertyPath: m_AnchoredPosition.x
      value: 21.44317
      objectReference: {fileID: 0}
    - target: {fileID: 993231345256236304, guid: 3bffbc64f22e82f47bf5d11452003c94,
        type: 3}
      propertyPath: m_AnchoredPosition.y
      value: 3.9867423
      objectReference: {fileID: 0}
    - target: {fileID: 993231345147584719, guid: 3bffbc64f22e82f47bf5d11452003c94,
        type: 3}
      propertyPath: m_AnchoredPosition.x
      value: 19.606516
      objectReference: {fileID: 0}
    - target: {fileID: 993231345147584719, guid: 3bffbc64f22e82f47bf5d11452003c94,
        type: 3}
      propertyPath: m_AnchoredPosition.y
      value: 4.808924
      objectReference: {fileID: 0}
    - target: {fileID: 993231344980387622, guid: 3bffbc64f22e82f47bf5d11452003c94,
        type: 3}
      propertyPath: m_AnchoredPosition.x
      value: 63.7709
      objectReference: {fileID: 0}
    - target: {fileID: 993231344980387622, guid: 3bffbc64f22e82f47bf5d11452003c94,
        type: 3}
      propertyPath: m_AnchoredPosition.y
      value: 17.68194
      objectReference: {fileID: 0}
    - target: {fileID: 993231344749093450, guid: 3bffbc64f22e82f47bf5d11452003c94,
        type: 3}
      propertyPath: m_AnchoredPosition.x
      value: 38.121193
      objectReference: {fileID: 0}
    - target: {fileID: 993231344749093450, guid: 3bffbc64f22e82f47bf5d11452003c94,
        type: 3}
      propertyPath: m_AnchoredPosition.y
      value: 10.282307
      objectReference: {fileID: 0}
    - target: {fileID: 993231344683132280, guid: 3bffbc64f22e82f47bf5d11452003c94,
        type: 3}
      propertyPath: m_AnchoredPosition.x
      value: 5.209502
      objectReference: {fileID: 0}
    - target: {fileID: 993231344683132280, guid: 3bffbc64f22e82f47bf5d11452003c94,
        type: 3}
      propertyPath: m_AnchoredPosition.y
      value: 0.7416417
      objectReference: {fileID: 0}
    - target: {fileID: 993231344612215891, guid: 3bffbc64f22e82f47bf5d11452003c94,
        type: 3}
      propertyPath: m_AnchoredPosition.x
      value: 29.297628
      objectReference: {fileID: 0}
    - target: {fileID: 993231344612215891, guid: 3bffbc64f22e82f47bf5d11452003c94,
        type: 3}
      propertyPath: m_AnchoredPosition.y
      value: 8.916478
      objectReference: {fileID: 0}
    - target: {fileID: 993231344032314267, guid: 3bffbc64f22e82f47bf5d11452003c94,
        type: 3}
      propertyPath: m_SizeDelta.y
      value: 20.96
      objectReference: {fileID: 0}
    - target: {fileID: 993231343990982480, guid: 3bffbc64f22e82f47bf5d11452003c94,
        type: 3}
      propertyPath: m_IsActive
      value: 0
      objectReference: {fileID: 0}
    - target: {fileID: 993231343620694628, guid: 3bffbc64f22e82f47bf5d11452003c94,
        type: 3}
      propertyPath: layers.Array.size
      value: 7
      objectReference: {fileID: 0}
    - target: {fileID: 993231343620694628, guid: 3bffbc64f22e82f47bf5d11452003c94,
        type: 3}
      propertyPath: layers.Array.data[0]
      value: 
      objectReference: {fileID: 993231345509938374}
    - target: {fileID: 993231343620694628, guid: 3bffbc64f22e82f47bf5d11452003c94,
        type: 3}
      propertyPath: layers.Array.data[1]
      value: 
      objectReference: {fileID: 993231344935900334}
    - target: {fileID: 993231343620694628, guid: 3bffbc64f22e82f47bf5d11452003c94,
        type: 3}
      propertyPath: layers.Array.data[2]
      value: 
      objectReference: {fileID: 993231345028575601}
    - target: {fileID: 993231343620694628, guid: 3bffbc64f22e82f47bf5d11452003c94,
        type: 3}
      propertyPath: layers.Array.data[3]
      value: 
      objectReference: {fileID: 993231345563803117}
    - target: {fileID: 993231343620694628, guid: 3bffbc64f22e82f47bf5d11452003c94,
        type: 3}
      propertyPath: layers.Array.data[4]
      value: 
      objectReference: {fileID: 993231345443779572}
    - target: {fileID: 993231343620694628, guid: 3bffbc64f22e82f47bf5d11452003c94,
        type: 3}
      propertyPath: layers.Array.data[5]
      value: 
      objectReference: {fileID: 993231344037648105}
    - target: {fileID: 993231343620694628, guid: 3bffbc64f22e82f47bf5d11452003c94,
        type: 3}
      propertyPath: layers.Array.data[6]
      value: 
      objectReference: {fileID: 0}
    - target: {fileID: 993231343620694628, guid: 3bffbc64f22e82f47bf5d11452003c94,
        type: 3}
      propertyPath: levelRect
      value: 
      objectReference: {fileID: 0}
    - target: {fileID: 993231343620694628, guid: 3bffbc64f22e82f47bf5d11452003c94,
        type: 3}
      propertyPath: cam
      value: 
      objectReference: {fileID: 20177983632312682}
    - target: {fileID: 993231343620694628, guid: 3bffbc64f22e82f47bf5d11452003c94,
        type: 3}
      propertyPath: layers.Array.data[7]
      value: 
      objectReference: {fileID: 993231345195873944}
    - target: {fileID: 993231343620694628, guid: 3bffbc64f22e82f47bf5d11452003c94,
        type: 3}
      propertyPath: layers.Array.data[8]
      value: 
      objectReference: {fileID: 993231345195873944}
    - target: {fileID: 993231343620694628, guid: 3bffbc64f22e82f47bf5d11452003c94,
        type: 3}
      propertyPath: layers.Array.data[9]
      value: 
      objectReference: {fileID: 993231345195873944}
    - target: {fileID: 993231343620694628, guid: 3bffbc64f22e82f47bf5d11452003c94,
        type: 3}
      propertyPath: layers.Array.data[10]
      value: 
      objectReference: {fileID: 993231345195873944}
    - target: {fileID: 993231343620694628, guid: 3bffbc64f22e82f47bf5d11452003c94,
        type: 3}
      propertyPath: layers.Array.data[11]
      value: 
      objectReference: {fileID: 993231345195873944}
    - target: {fileID: 993231343620694628, guid: 3bffbc64f22e82f47bf5d11452003c94,
        type: 3}
      propertyPath: layers.Array.data[12]
      value: 
      objectReference: {fileID: 993231345195873944}
    - target: {fileID: 993231343620694628, guid: 3bffbc64f22e82f47bf5d11452003c94,
        type: 3}
      propertyPath: layers.Array.data[13]
      value: 
      objectReference: {fileID: 993231345195873944}
    - target: {fileID: 993231343620694628, guid: 3bffbc64f22e82f47bf5d11452003c94,
        type: 3}
      propertyPath: layers.Array.data[14]
      value: 
      objectReference: {fileID: 993231345195873944}
    - target: {fileID: 993231343620694628, guid: 3bffbc64f22e82f47bf5d11452003c94,
        type: 3}
      propertyPath: layers.Array.data[15]
      value: 
      objectReference: {fileID: 993231345195873944}
    - target: {fileID: 993231343620694628, guid: 3bffbc64f22e82f47bf5d11452003c94,
        type: 3}
      propertyPath: layers.Array.data[16]
      value: 
      objectReference: {fileID: 993231345195873944}
    - target: {fileID: 993231343620694628, guid: 3bffbc64f22e82f47bf5d11452003c94,
        type: 3}
      propertyPath: layers.Array.data[17]
      value: 
      objectReference: {fileID: 993231345195873944}
    - target: {fileID: 993231343620694628, guid: 3bffbc64f22e82f47bf5d11452003c94,
        type: 3}
      propertyPath: layers.Array.data[18]
      value: 
      objectReference: {fileID: 993231345195873944}
    - target: {fileID: 993231343620694628, guid: 3bffbc64f22e82f47bf5d11452003c94,
        type: 3}
      propertyPath: layers.Array.data[19]
      value: 
      objectReference: {fileID: 993231345195873944}
    - target: {fileID: 993231343620694628, guid: 3bffbc64f22e82f47bf5d11452003c94,
        type: 3}
      propertyPath: layers.Array.data[20]
      value: 
      objectReference: {fileID: 993231345195873944}
    - target: {fileID: 993231343620694628, guid: 3bffbc64f22e82f47bf5d11452003c94,
        type: 3}
      propertyPath: layers.Array.data[21]
      value: 
      objectReference: {fileID: 993231345195873944}
    - target: {fileID: 993231343620694628, guid: 3bffbc64f22e82f47bf5d11452003c94,
        type: 3}
      propertyPath: layers.Array.data[22]
      value: 
      objectReference: {fileID: 993231345195873944}
    - target: {fileID: 993231343620694628, guid: 3bffbc64f22e82f47bf5d11452003c94,
        type: 3}
      propertyPath: layers.Array.data[23]
      value: 
      objectReference: {fileID: 993231345195873944}
    - target: {fileID: 993231343620694628, guid: 3bffbc64f22e82f47bf5d11452003c94,
        type: 3}
      propertyPath: layers.Array.data[24]
      value: 
      objectReference: {fileID: 993231345195873944}
    - target: {fileID: 993231343620694628, guid: 3bffbc64f22e82f47bf5d11452003c94,
        type: 3}
      propertyPath: layers.Array.data[25]
      value: 
      objectReference: {fileID: 993231345195873944}
    - target: {fileID: 993231343620694628, guid: 3bffbc64f22e82f47bf5d11452003c94,
        type: 3}
      propertyPath: layers.Array.data[26]
      value: 
      objectReference: {fileID: 993231345195873944}
    - target: {fileID: 993231343620694628, guid: 3bffbc64f22e82f47bf5d11452003c94,
        type: 3}
      propertyPath: layers.Array.data[27]
      value: 
      objectReference: {fileID: 993231345195873944}
    - target: {fileID: 993231343620694628, guid: 3bffbc64f22e82f47bf5d11452003c94,
        type: 3}
      propertyPath: layers.Array.data[28]
      value: 
      objectReference: {fileID: 993231345195873944}
    - target: {fileID: 993231343620694628, guid: 3bffbc64f22e82f47bf5d11452003c94,
        type: 3}
      propertyPath: layers.Array.data[29]
      value: 
      objectReference: {fileID: 993231345195873944}
    - target: {fileID: 993231343620694628, guid: 3bffbc64f22e82f47bf5d11452003c94,
        type: 3}
      propertyPath: layers.Array.data[30]
      value: 
      objectReference: {fileID: 993231345195873944}
    - target: {fileID: 993231343620694628, guid: 3bffbc64f22e82f47bf5d11452003c94,
        type: 3}
      propertyPath: layers.Array.data[31]
      value: 
      objectReference: {fileID: 993231345195873944}
    - target: {fileID: 993231343620694628, guid: 3bffbc64f22e82f47bf5d11452003c94,
        type: 3}
      propertyPath: layers.Array.data[32]
      value: 
      objectReference: {fileID: 993231345195873944}
    - target: {fileID: 993231343620694628, guid: 3bffbc64f22e82f47bf5d11452003c94,
        type: 3}
      propertyPath: layers.Array.data[33]
      value: 
      objectReference: {fileID: 993231345195873944}
    - target: {fileID: 993231343620694628, guid: 3bffbc64f22e82f47bf5d11452003c94,
        type: 3}
      propertyPath: layers.Array.data[34]
      value: 
      objectReference: {fileID: 993231345195873944}
    - target: {fileID: 993231343620694628, guid: 3bffbc64f22e82f47bf5d11452003c94,
        type: 3}
      propertyPath: layers.Array.data[35]
      value: 
      objectReference: {fileID: 993231345195873944}
    - target: {fileID: 993231343620694628, guid: 3bffbc64f22e82f47bf5d11452003c94,
        type: 3}
      propertyPath: layers.Array.data[36]
      value: 
      objectReference: {fileID: 993231345195873944}
    - target: {fileID: 993231343620694628, guid: 3bffbc64f22e82f47bf5d11452003c94,
        type: 3}
      propertyPath: layers.Array.data[37]
      value: 
      objectReference: {fileID: 993231345195873944}
    - target: {fileID: 993231343620694628, guid: 3bffbc64f22e82f47bf5d11452003c94,
        type: 3}
      propertyPath: layers.Array.data[38]
      value: 
      objectReference: {fileID: 993231345195873944}
    - target: {fileID: 993231343620694628, guid: 3bffbc64f22e82f47bf5d11452003c94,
        type: 3}
      propertyPath: layers.Array.data[39]
      value: 
      objectReference: {fileID: 993231345195873944}
    - target: {fileID: 993231343620694628, guid: 3bffbc64f22e82f47bf5d11452003c94,
        type: 3}
      propertyPath: layers.Array.data[40]
      value: 
      objectReference: {fileID: 993231345195873944}
    - target: {fileID: 993231343620694628, guid: 3bffbc64f22e82f47bf5d11452003c94,
        type: 3}
      propertyPath: layers.Array.data[41]
      value: 
      objectReference: {fileID: 993231345195873944}
    - target: {fileID: 993231343620694628, guid: 3bffbc64f22e82f47bf5d11452003c94,
        type: 3}
      propertyPath: layers.Array.data[42]
      value: 
      objectReference: {fileID: 993231345195873944}
    - target: {fileID: 993231343620694628, guid: 3bffbc64f22e82f47bf5d11452003c94,
        type: 3}
      propertyPath: layers.Array.data[43]
      value: 
      objectReference: {fileID: 993231345195873944}
    - target: {fileID: 993231343620694628, guid: 3bffbc64f22e82f47bf5d11452003c94,
        type: 3}
      propertyPath: layers.Array.data[44]
      value: 
      objectReference: {fileID: 993231345195873944}
    - target: {fileID: 993231343620694628, guid: 3bffbc64f22e82f47bf5d11452003c94,
        type: 3}
      propertyPath: layers.Array.data[45]
      value: 
      objectReference: {fileID: 993231345195873944}
    - target: {fileID: 993231343620694628, guid: 3bffbc64f22e82f47bf5d11452003c94,
        type: 3}
      propertyPath: layers.Array.data[46]
      value: 
      objectReference: {fileID: 993231345195873944}
    - target: {fileID: 993231343620694628, guid: 3bffbc64f22e82f47bf5d11452003c94,
        type: 3}
      propertyPath: layers.Array.data[47]
      value: 
      objectReference: {fileID: 993231345195873944}
    - target: {fileID: 993231343620694628, guid: 3bffbc64f22e82f47bf5d11452003c94,
        type: 3}
      propertyPath: layers.Array.data[48]
      value: 
      objectReference: {fileID: 993231345195873944}
    - target: {fileID: 993231343620694628, guid: 3bffbc64f22e82f47bf5d11452003c94,
        type: 3}
      propertyPath: layers.Array.data[49]
      value: 
      objectReference: {fileID: 993231345195873944}
    - target: {fileID: 993231343620694628, guid: 3bffbc64f22e82f47bf5d11452003c94,
        type: 3}
      propertyPath: layers.Array.data[50]
      value: 
      objectReference: {fileID: 993231345195873944}
    - target: {fileID: 993231343620694628, guid: 3bffbc64f22e82f47bf5d11452003c94,
        type: 3}
      propertyPath: layers.Array.data[51]
      value: 
      objectReference: {fileID: 993231345195873944}
    - target: {fileID: 993231343620694628, guid: 3bffbc64f22e82f47bf5d11452003c94,
        type: 3}
      propertyPath: layers.Array.data[52]
      value: 
      objectReference: {fileID: 993231345195873944}
    - target: {fileID: 993231343620694628, guid: 3bffbc64f22e82f47bf5d11452003c94,
        type: 3}
      propertyPath: layers.Array.data[53]
      value: 
      objectReference: {fileID: 993231345195873944}
    - target: {fileID: 993231343620694628, guid: 3bffbc64f22e82f47bf5d11452003c94,
        type: 3}
      propertyPath: layers.Array.data[54]
      value: 
      objectReference: {fileID: 993231345195873944}
    - target: {fileID: 993231343620694628, guid: 3bffbc64f22e82f47bf5d11452003c94,
        type: 3}
      propertyPath: layers.Array.data[55]
      value: 
      objectReference: {fileID: 993231345195873944}
    - target: {fileID: 993231343620694628, guid: 3bffbc64f22e82f47bf5d11452003c94,
        type: 3}
      propertyPath: layers.Array.data[56]
      value: 
      objectReference: {fileID: 993231345195873944}
    - target: {fileID: 993231343620694628, guid: 3bffbc64f22e82f47bf5d11452003c94,
        type: 3}
      propertyPath: layers.Array.data[57]
      value: 
      objectReference: {fileID: 993231345195873944}
    - target: {fileID: 993231343620694628, guid: 3bffbc64f22e82f47bf5d11452003c94,
        type: 3}
      propertyPath: layers.Array.data[58]
      value: 
      objectReference: {fileID: 993231345195873944}
    - target: {fileID: 993231343620694628, guid: 3bffbc64f22e82f47bf5d11452003c94,
        type: 3}
      propertyPath: layers.Array.data[59]
      value: 
      objectReference: {fileID: 993231345195873944}
    - target: {fileID: 993231343620694628, guid: 3bffbc64f22e82f47bf5d11452003c94,
        type: 3}
      propertyPath: layers.Array.data[60]
      value: 
      objectReference: {fileID: 993231345195873944}
    - target: {fileID: 993231343620694628, guid: 3bffbc64f22e82f47bf5d11452003c94,
        type: 3}
      propertyPath: layers.Array.data[61]
      value: 
      objectReference: {fileID: 993231345195873944}
    - target: {fileID: 993231343620694628, guid: 3bffbc64f22e82f47bf5d11452003c94,
        type: 3}
      propertyPath: layers.Array.data[62]
      value: 
      objectReference: {fileID: 993231345195873944}
    - target: {fileID: 993231343620694628, guid: 3bffbc64f22e82f47bf5d11452003c94,
        type: 3}
      propertyPath: layers.Array.data[63]
      value: 
      objectReference: {fileID: 993231345195873944}
    - target: {fileID: 993231343620694628, guid: 3bffbc64f22e82f47bf5d11452003c94,
        type: 3}
      propertyPath: layers.Array.data[64]
      value: 
      objectReference: {fileID: 993231345195873944}
    - target: {fileID: 993231343620694628, guid: 3bffbc64f22e82f47bf5d11452003c94,
        type: 3}
      propertyPath: layers.Array.data[65]
      value: 
      objectReference: {fileID: 993231345195873944}
    - target: {fileID: 993231343620694628, guid: 3bffbc64f22e82f47bf5d11452003c94,
        type: 3}
      propertyPath: layers.Array.data[66]
      value: 
      objectReference: {fileID: 993231345195873944}
    - target: {fileID: 993231343620694628, guid: 3bffbc64f22e82f47bf5d11452003c94,
        type: 3}
      propertyPath: layers.Array.data[67]
      value: 
      objectReference: {fileID: 993231345195873944}
    - target: {fileID: 993231343620694628, guid: 3bffbc64f22e82f47bf5d11452003c94,
        type: 3}
      propertyPath: layers.Array.data[68]
      value: 
      objectReference: {fileID: 993231345195873944}
    - target: {fileID: 993231343620694628, guid: 3bffbc64f22e82f47bf5d11452003c94,
        type: 3}
      propertyPath: layers.Array.data[69]
      value: 
      objectReference: {fileID: 993231345195873944}
    - target: {fileID: 993231343620694628, guid: 3bffbc64f22e82f47bf5d11452003c94,
        type: 3}
      propertyPath: layers.Array.data[70]
      value: 
      objectReference: {fileID: 993231345195873944}
    - target: {fileID: 993231343620694628, guid: 3bffbc64f22e82f47bf5d11452003c94,
        type: 3}
      propertyPath: layers.Array.data[71]
      value: 
      objectReference: {fileID: 993231345195873944}
    - target: {fileID: 993231343620694628, guid: 3bffbc64f22e82f47bf5d11452003c94,
        type: 3}
      propertyPath: layers.Array.data[72]
      value: 
      objectReference: {fileID: 993231345195873944}
    - target: {fileID: 993231343620694628, guid: 3bffbc64f22e82f47bf5d11452003c94,
        type: 3}
      propertyPath: layers.Array.data[73]
      value: 
      objectReference: {fileID: 993231345195873944}
    - target: {fileID: 993231343620694628, guid: 3bffbc64f22e82f47bf5d11452003c94,
        type: 3}
      propertyPath: layers.Array.data[74]
      value: 
      objectReference: {fileID: 993231345195873944}
    - target: {fileID: 993231343620694628, guid: 3bffbc64f22e82f47bf5d11452003c94,
        type: 3}
      propertyPath: layers.Array.data[75]
      value: 
      objectReference: {fileID: 993231345195873944}
    - target: {fileID: 993231343620694628, guid: 3bffbc64f22e82f47bf5d11452003c94,
        type: 3}
      propertyPath: layers.Array.data[76]
      value: 
      objectReference: {fileID: 993231345195873944}
    - target: {fileID: 993231343620694628, guid: 3bffbc64f22e82f47bf5d11452003c94,
        type: 3}
      propertyPath: layers.Array.data[77]
      value: 
      objectReference: {fileID: 993231345195873944}
    - target: {fileID: 993231343620694628, guid: 3bffbc64f22e82f47bf5d11452003c94,
        type: 3}
      propertyPath: layers.Array.data[78]
      value: 
      objectReference: {fileID: 993231345195873944}
    - target: {fileID: 993231343620694628, guid: 3bffbc64f22e82f47bf5d11452003c94,
        type: 3}
      propertyPath: layers.Array.data[79]
      value: 
      objectReference: {fileID: 993231345195873944}
    - target: {fileID: 993231343620694628, guid: 3bffbc64f22e82f47bf5d11452003c94,
        type: 3}
      propertyPath: layers.Array.data[80]
      value: 
      objectReference: {fileID: 993231345195873944}
    - target: {fileID: 993231343620694628, guid: 3bffbc64f22e82f47bf5d11452003c94,
        type: 3}
      propertyPath: layers.Array.data[81]
      value: 
      objectReference: {fileID: 993231345195873944}
    - target: {fileID: 993231343620694628, guid: 3bffbc64f22e82f47bf5d11452003c94,
        type: 3}
      propertyPath: layers.Array.data[82]
      value: 
      objectReference: {fileID: 993231345195873944}
    - target: {fileID: 993231343620694628, guid: 3bffbc64f22e82f47bf5d11452003c94,
        type: 3}
      propertyPath: layers.Array.data[83]
      value: 
      objectReference: {fileID: 993231345195873944}
    - target: {fileID: 993231343620694628, guid: 3bffbc64f22e82f47bf5d11452003c94,
        type: 3}
      propertyPath: layers.Array.data[84]
      value: 
      objectReference: {fileID: 993231345195873944}
    - target: {fileID: 993231343620694628, guid: 3bffbc64f22e82f47bf5d11452003c94,
        type: 3}
      propertyPath: layers.Array.data[85]
      value: 
      objectReference: {fileID: 993231345195873944}
    - target: {fileID: 993231343620694628, guid: 3bffbc64f22e82f47bf5d11452003c94,
        type: 3}
      propertyPath: layers.Array.data[86]
      value: 
      objectReference: {fileID: 993231345195873944}
    - target: {fileID: 993231343563777172, guid: 3bffbc64f22e82f47bf5d11452003c94,
        type: 3}
      propertyPath: m_SizeDelta.x
      value: 44.59
      objectReference: {fileID: 0}
    - target: {fileID: 993231343563777172, guid: 3bffbc64f22e82f47bf5d11452003c94,
        type: 3}
      propertyPath: m_SizeDelta.y
      value: 19.56
      objectReference: {fileID: 0}
    - target: {fileID: 993231345256236305, guid: 3bffbc64f22e82f47bf5d11452003c94,
        type: 3}
      propertyPath: m_IsActive
      value: 0
      objectReference: {fileID: 0}
    - target: {fileID: 993231345147584712, guid: 3bffbc64f22e82f47bf5d11452003c94,
        type: 3}
      propertyPath: m_IsActive
      value: 0
      objectReference: {fileID: 0}
    - target: {fileID: 993231344980387623, guid: 3bffbc64f22e82f47bf5d11452003c94,
        type: 3}
      propertyPath: m_IsActive
      value: 0
      objectReference: {fileID: 0}
    - target: {fileID: 993231344749093451, guid: 3bffbc64f22e82f47bf5d11452003c94,
        type: 3}
      propertyPath: m_IsActive
      value: 0
      objectReference: {fileID: 0}
    - target: {fileID: 993231344683132281, guid: 3bffbc64f22e82f47bf5d11452003c94,
        type: 3}
      propertyPath: m_IsActive
      value: 0
      objectReference: {fileID: 0}
    - target: {fileID: 993231344612215900, guid: 3bffbc64f22e82f47bf5d11452003c94,
        type: 3}
      propertyPath: m_IsActive
      value: 0
      objectReference: {fileID: 0}
    - target: {fileID: 993231343747946259, guid: 3bffbc64f22e82f47bf5d11452003c94,
        type: 3}
      propertyPath: m_IsActive
      value: 1
      objectReference: {fileID: 0}
    - target: {fileID: 993231343563777173, guid: 3bffbc64f22e82f47bf5d11452003c94,
        type: 3}
      propertyPath: m_IsActive
      value: 1
      objectReference: {fileID: 0}
    m_RemovedComponents: []
  m_SourcePrefab: {fileID: 100100000, guid: 3bffbc64f22e82f47bf5d11452003c94, type: 3}
--- !u!224 &993231344037648105 stripped
RectTransform:
  m_CorrespondingSourceObject: {fileID: 993231343990982487, guid: 3bffbc64f22e82f47bf5d11452003c94,
    type: 3}
  m_PrefabInstance: {fileID: 1064833470}
  m_PrefabAsset: {fileID: 0}
--- !u!4 &993231344407655387 stripped
Transform:
  m_CorrespondingSourceObject: {fileID: 993231343620694629, guid: 3bffbc64f22e82f47bf5d11452003c94,
    type: 3}
  m_PrefabInstance: {fileID: 1064833470}
  m_PrefabAsset: {fileID: 0}
--- !u!224 &993231345509938374 stripped
RectTransform:
  m_CorrespondingSourceObject: {fileID: 993231344683132280, guid: 3bffbc64f22e82f47bf5d11452003c94,
    type: 3}
  m_PrefabInstance: {fileID: 1064833470}
  m_PrefabAsset: {fileID: 0}
--- !u!224 &993231344935900334 stripped
RectTransform:
  m_CorrespondingSourceObject: {fileID: 993231345256236304, guid: 3bffbc64f22e82f47bf5d11452003c94,
    type: 3}
  m_PrefabInstance: {fileID: 1064833470}
  m_PrefabAsset: {fileID: 0}
--- !u!224 &993231345028575601 stripped
RectTransform:
  m_CorrespondingSourceObject: {fileID: 993231345147584719, guid: 3bffbc64f22e82f47bf5d11452003c94,
    type: 3}
  m_PrefabInstance: {fileID: 1064833470}
  m_PrefabAsset: {fileID: 0}
--- !u!224 &993231345563803117 stripped
RectTransform:
  m_CorrespondingSourceObject: {fileID: 993231344612215891, guid: 3bffbc64f22e82f47bf5d11452003c94,
    type: 3}
  m_PrefabInstance: {fileID: 1064833470}
  m_PrefabAsset: {fileID: 0}
--- !u!224 &993231345443779572 stripped
RectTransform:
  m_CorrespondingSourceObject: {fileID: 993231344749093450, guid: 3bffbc64f22e82f47bf5d11452003c94,
    type: 3}
  m_PrefabInstance: {fileID: 1064833470}
  m_PrefabAsset: {fileID: 0}
--- !u!224 &993231345195873944 stripped
RectTransform:
  m_CorrespondingSourceObject: {fileID: 993231344980387622, guid: 3bffbc64f22e82f47bf5d11452003c94,
    type: 3}
  m_PrefabInstance: {fileID: 1064833470}
  m_PrefabAsset: {fileID: 0}
