%YAML 1.1
%TAG !u! tag:unity3d.com,2011:
--- !u!114 &-9127426941112572895
MonoBehaviour:
  m_ObjectHideFlags: 0
  m_CorrespondingSourceObject: {fileID: 0}
  m_PrefabInstance: {fileID: 0}
  m_PrefabAsset: {fileID: 0}
  m_GameObject: {fileID: 0}
  m_Enabled: 1
  m_EditorHideFlags: 0
  m_Script: {fileID: 11500000, guid: 6a1f1dad75490c9458e7ca24e37ae1c3, type: 3}
  m_Name: Dial010
  m_EditorClassIdentifier: 
  AudioClip: {fileID: 0}
  Key: Assets/Resources/NodeBasedEditor/Level 1/NPC1.asset/Dial010
  DialogueText: "I need you to follow her and check that everyone's alright.\r\nGo,
    PLAYER_NAME, someone may need help."
  OptionAnswers:
  - OptionText: Nod.
    Key: Assets/Resources/NodeBasedEditor/Level 1/NPC1.asset/Dial010_0
    Attribute: {fileID: 0}
    Weight: 0
    TargetDialogue: {fileID: 0}
    Conditions: []
    Actions:
    - {fileID: 11400000, guid: c596f9c0d81f8fa48ab098f79233a407, type: 2}
    Intent: 0
--- !u!114 &11400000
MonoBehaviour:
  m_ObjectHideFlags: 0
  m_CorrespondingSourceObject: {fileID: 0}
  m_PrefabInstance: {fileID: 0}
  m_PrefabAsset: {fileID: 0}
  m_GameObject: {fileID: 0}
  m_Enabled: 1
  m_EditorHideFlags: 0
  m_Script: {fileID: 11500000, guid: dbeeffa8d54b0064d8c043e8b913107f, type: 3}
  m_Name: NPC1
  m_EditorClassIdentifier: 
  Nodes:
  - Content: {fileID: 114788568185198730}
    Position: {x: -460, y: 480}
  - Content: {fileID: 114851896325908554}
    Position: {x: -220, y: 500}
  - Content: {fileID: 114226372637997300}
    Position: {x: -220, y: 780}
  - Content: {fileID: 114630894802562216}
    Position: {x: 40, y: 640}
  - Content: {fileID: 114906067389227870}
    Position: {x: 40, y: 920}
  - Content: {fileID: 114999863137898986}
    Position: {x: 40, y: 1200}
  - Content: {fileID: 114137538528334448}
    Position: {x: 40, y: 1480}
  - Content: {fileID: 114005389035589952}
    Position: {x: 280, y: 1200}
  - Content: {fileID: 1975581566688696432}
    Position: {x: -220, y: 220}
  - Content: {fileID: 6329816965480378211}
    Position: {x: 80, y: 200}
  - Content: {fileID: -9127426941112572895}
    Position: {x: 360, y: 200}
--- !u!114 &114005389035589952
MonoBehaviour:
  m_ObjectHideFlags: 0
  m_CorrespondingSourceObject: {fileID: 0}
  m_PrefabInstance: {fileID: 0}
  m_PrefabAsset: {fileID: 0}
  m_GameObject: {fileID: 0}
  m_Enabled: 1
  m_EditorHideFlags: 0
  m_Script: {fileID: 11500000, guid: 6a1f1dad75490c9458e7ca24e37ae1c3, type: 3}
  m_Name: DialogueSO007
  m_EditorClassIdentifier: 
  AudioClip: {fileID: 0}
  Key: Assets/Resources/NodeBasedEditor/Level 1/NPC1.asset/DialogueSO007
  DialogueText: Ahem... I should not have mentioned that. The academy is putting you
    to the test after all. If you want more information, you can ask at the library.
  OptionAnswers:
  - OptionText: (Go back)
    Key: Assets/Resources/NodeBasedEditor/Level 1/NPC1.asset/DialogueSO007_0
    Attribute: {fileID: 0}
    Weight: 0
    TargetDialogue: {fileID: 114226372637997300}
    Conditions: []
    Actions: []
    Intent: 0
--- !u!114 &114137538528334448
MonoBehaviour:
  m_ObjectHideFlags: 0
  m_CorrespondingSourceObject: {fileID: 0}
  m_PrefabInstance: {fileID: 0}
  m_PrefabAsset: {fileID: 0}
  m_GameObject: {fileID: 0}
  m_Enabled: 1
  m_EditorHideFlags: 0
  m_Script: {fileID: 11500000, guid: 6a1f1dad75490c9458e7ca24e37ae1c3, type: 3}
  m_Name: Dialogue004
  m_EditorClassIdentifier: 
  AudioClip: {fileID: 8300000, guid: d1deb0d7884e393458597dd8ce75b508, type: 3}
  Key: Assets/Resources/NodeBasedEditor/Level 1/NPC1.asset/Dialogue004
  DialogueText: "I know you\u2019ll have no trouble dealing with this task ____, I
    trust in your skills. I\u2019ll be waiting for you a little ways up."
  OptionAnswers:
  - OptionText: See you later.
    Key: Assets/Resources/NodeBasedEditor/Level 1/NPC1.asset/Dialogue004_0
    Attribute: {fileID: 0}
    Weight: 0
    TargetDialogue: {fileID: 0}
    Conditions: []
    Actions:
    - {fileID: 11400000, guid: 71a55581aa23c0a4d9b42ff7d4137a4b, type: 2}
    Intent: 0
--- !u!114 &114226372637997300
MonoBehaviour:
  m_ObjectHideFlags: 0
  m_CorrespondingSourceObject: {fileID: 0}
  m_PrefabInstance: {fileID: 0}
  m_PrefabAsset: {fileID: 0}
  m_GameObject: {fileID: 0}
  m_Enabled: 1
  m_EditorHideFlags: 0
  m_Script: {fileID: 11500000, guid: 6a1f1dad75490c9458e7ca24e37ae1c3, type: 3}
  m_Name: Dialogue000
  m_EditorClassIdentifier: 
  AudioClip: {fileID: 8300000, guid: d1deb0d7884e393458597dd8ce75b508, type: 3}
  Key: Assets/Resources/NodeBasedEditor/Level 1/NPC1.asset/Dialogue000
  DialogueText: Ready, PLAYER_NAME ? If you feel unsure about anything, just let me
    know.
  OptionAnswers:
  - OptionText: "\xBFCould you repeat the mission briefing?"
    Key: Assets/Resources/NodeBasedEditor/Level 1/NPC1.asset/Dialogue000_0
    Attribute: {fileID: 0}
    Weight: 0
    TargetDialogue: {fileID: 114630894802562216}
    Conditions: []
    Actions: []
    Intent: 0
  - OptionText: Why am I doing this job?
    Key: Assets/Resources/NodeBasedEditor/Level 1/NPC1.asset/Dialogue000_1
    Attribute: {fileID: 0}
    Weight: 0
    TargetDialogue: {fileID: 114906067389227870}
    Conditions: []
    Actions: []
    Intent: 0
  - OptionText: What kind of creature lies at the top?
    Key: Assets/Resources/NodeBasedEditor/Level 1/NPC1.asset/Dialogue000_2
    Attribute: {fileID: 0}
    Weight: 0
    TargetDialogue: {fileID: 114999863137898986}
    Conditions: []
    Actions: []
    Intent: 0
  - OptionText: All clear.
    Key: Assets/Resources/NodeBasedEditor/Level 1/NPC1.asset/Dialogue000_3
    Attribute: {fileID: 0}
    Weight: 0
    TargetDialogue: {fileID: 114137538528334448}
    Conditions: []
    Actions: []
    Intent: 0
--- !u!114 &114630894802562216
MonoBehaviour:
  m_ObjectHideFlags: 0
  m_CorrespondingSourceObject: {fileID: 0}
  m_PrefabInstance: {fileID: 0}
  m_PrefabAsset: {fileID: 0}
  m_GameObject: {fileID: 0}
  m_Enabled: 1
  m_EditorHideFlags: 0
  m_Script: {fileID: 11500000, guid: 6a1f1dad75490c9458e7ca24e37ae1c3, type: 3}
  m_Name: Dialogue001
  m_EditorClassIdentifier: 
  AudioClip: {fileID: 8300000, guid: d1deb0d7884e393458597dd8ce75b508, type: 3}
  Key: Assets/Resources/NodeBasedEditor/Level 1/NPC1.asset/Dialogue001
  DialogueText: "You must climb to the top of the forest. One of our birds seems very
    flustered, so your job is to appease it and make sure nobody\u2019s making trouble
    up there."
  OptionAnswers:
  - OptionText: (Return)
    Key: Assets/Resources/NodeBasedEditor/Level 1/NPC1.asset/Dialogue001_0
    Attribute: {fileID: 0}
    Weight: 0
    TargetDialogue: {fileID: 114226372637997300}
    Conditions: []
    Actions: []
    Intent: 0
--- !u!114 &114788568185198730
MonoBehaviour:
  m_ObjectHideFlags: 0
  m_CorrespondingSourceObject: {fileID: 0}
  m_PrefabInstance: {fileID: 0}
  m_PrefabAsset: {fileID: 0}
  m_GameObject: {fileID: 0}
  m_Enabled: 1
  m_EditorHideFlags: 0
  m_Script: {fileID: 11500000, guid: 6a1f1dad75490c9458e7ca24e37ae1c3, type: 3}
  m_Name: Root
  m_EditorClassIdentifier: 
  AudioClip: {fileID: 0}
  Key: Assets/Resources/NodeBasedEditor/Level 1/NPC1.asset/Root
  DialogueText: 
  OptionAnswers:
  - OptionText: 
    Key: Assets/Resources/NodeBasedEditor/Level 1/NPC1.asset/Root_0
    Attribute: {fileID: 0}
    Weight: 0
    TargetDialogue: {fileID: 1975581566688696432}
    Conditions:
    - {fileID: 11400000, guid: c6e477be52bda5b4a857a364074877fd, type: 2}
    Actions: []
    Intent: 0
  - OptionText: 
    Key: Assets/Resources/NodeBasedEditor/Level 1/NPC1.asset/Root_1
    Attribute: {fileID: 0}
    Weight: 0
    TargetDialogue: {fileID: 114851896325908554}
    Conditions:
    - {fileID: 11400000, guid: fb38a60b65f51294392b007e15cbf38d, type: 2}
    Actions: []
    Intent: 0
  - OptionText: 
    Key: Assets/Resources/NodeBasedEditor/Level 1/NPC1.asset/Root_2
    Attribute: {fileID: 0}
    Weight: 0
    TargetDialogue: {fileID: 114226372637997300}
    Conditions: []
    Actions: []
    Intent: 0
--- !u!114 &114851896325908554
MonoBehaviour:
  m_ObjectHideFlags: 0
  m_CorrespondingSourceObject: {fileID: 0}
  m_PrefabInstance: {fileID: 0}
  m_PrefabAsset: {fileID: 0}
  m_GameObject: {fileID: 0}
  m_Enabled: 1
  m_EditorHideFlags: 0
  m_Script: {fileID: 11500000, guid: 6a1f1dad75490c9458e7ca24e37ae1c3, type: 3}
  m_Name: Dialogue006
  m_EditorClassIdentifier: 
  AudioClip: {fileID: 0}
  Key: Assets/Resources/NodeBasedEditor/Level 1/NPC1.asset/Dialogue006
  DialogueText: "\u201CYes, hunter? You can go now.\u201D"
  OptionAnswers:
  - OptionText: Go.
    Key: Assets/Resources/NodeBasedEditor/Level 1/NPC1.asset/Dialogue006_0
    Attribute: {fileID: 0}
    Weight: 0
    TargetDialogue: {fileID: 0}
    Conditions: []
    Actions: []
    Intent: 0
--- !u!114 &114906067389227870
MonoBehaviour:
  m_ObjectHideFlags: 0
  m_CorrespondingSourceObject: {fileID: 0}
  m_PrefabInstance: {fileID: 0}
  m_PrefabAsset: {fileID: 0}
  m_GameObject: {fileID: 0}
  m_Enabled: 1
  m_EditorHideFlags: 0
  m_Script: {fileID: 11500000, guid: 6a1f1dad75490c9458e7ca24e37ae1c3, type: 3}
  m_Name: Dialogue002
  m_EditorClassIdentifier: 
  AudioClip: {fileID: 8300000, guid: d1deb0d7884e393458597dd8ce75b508, type: 3}
  Key: Assets/Resources/NodeBasedEditor/Level 1/NPC1.asset/Dialogue002
  DialogueText: "The academy considers you ready to take on some of the more dangerous
    missions. If you make it, you\u2019ll be officially recognized as a hunter!"
  OptionAnswers:
  - OptionText: (Return)
    Key: Assets/Resources/NodeBasedEditor/Level 1/NPC1.asset/Dialogue002_0
    Attribute: {fileID: 0}
    Weight: 0
    TargetDialogue: {fileID: 114226372637997300}
    Conditions: []
    Actions: []
    Intent: 0
--- !u!114 &114999863137898986
MonoBehaviour:
  m_ObjectHideFlags: 0
  m_CorrespondingSourceObject: {fileID: 0}
  m_PrefabInstance: {fileID: 0}
  m_PrefabAsset: {fileID: 0}
  m_GameObject: {fileID: 0}
  m_Enabled: 1
  m_EditorHideFlags: 0
  m_Script: {fileID: 11500000, guid: 6a1f1dad75490c9458e7ca24e37ae1c3, type: 3}
  m_Name: Dialogue003
  m_EditorClassIdentifier: 
  AudioClip: {fileID: 8300000, guid: d1deb0d7884e393458597dd8ce75b508, type: 3}
  Key: Assets/Resources/NodeBasedEditor/Level 1/NPC1.asset/Dialogue003
  DialogueText: "It\u2019s a ______. One of our biggest avian creatures. They only
    respect those who display no fear towards them. There is, however, a certain kind
    of flower whose scent never fails to calm them down."
  OptionAnswers:
  - OptionText: What kind of flower are you talking about?
    Key: Assets/Resources/NodeBasedEditor/Level 1/NPC1.asset/Dialogue003_0
    Attribute: {fileID: 0}
    Weight: 0
    TargetDialogue: {fileID: 114005389035589952}
    Conditions: []
    Actions: []
    Intent: 0
--- !u!114 &1975581566688696432
MonoBehaviour:
  m_ObjectHideFlags: 0
  m_CorrespondingSourceObject: {fileID: 0}
  m_PrefabInstance: {fileID: 0}
  m_PrefabAsset: {fileID: 0}
  m_GameObject: {fileID: 0}
  m_Enabled: 1
  m_EditorHideFlags: 0
  m_Script: {fileID: 11500000, guid: 6a1f1dad75490c9458e7ca24e37ae1c3, type: 3}
  m_Name: Dial008
  m_EditorClassIdentifier: 
  AudioClip: {fileID: 8300000, guid: d1deb0d7884e393458597dd8ce75b508, type: 3}
  Key: Assets/Resources/NodeBasedEditor/Level 1/NPC1.asset/Dial008
  DialogueText: "Excellent work, you made it to the top.\r\nThere's a problem though..."
  OptionAnswers:
  - OptionText: (Next)
    Key: Assets/Resources/NodeBasedEditor/Level 1/NPC1.asset/Dial008_0
    Attribute: {fileID: 0}
    Weight: 0
    TargetDialogue: {fileID: 6329816965480378211}
    Conditions: []
    Actions: []
    Intent: 0
--- !u!114 &6329816965480378211
MonoBehaviour:
  m_ObjectHideFlags: 0
  m_CorrespondingSourceObject: {fileID: 0}
  m_PrefabInstance: {fileID: 0}
  m_PrefabAsset: {fileID: 0}
  m_GameObject: {fileID: 0}
  m_Enabled: 1
  m_EditorHideFlags: 0
  m_Script: {fileID: 11500000, guid: 6a1f1dad75490c9458e7ca24e37ae1c3, type: 3}
  m_Name: Dial009
  m_EditorClassIdentifier: 
  AudioClip: {fileID: 0}
  Key: Assets/Resources/NodeBasedEditor/Level 1/NPC1.asset/Dial009
  DialogueText: "As you see, our creature escaped.\r\nIt looks like it's heading to
    the nearest village."
  OptionAnswers:
  - OptionText: (Next)
    Key: Assets/Resources/NodeBasedEditor/Level 1/NPC1.asset/Dial009_0
    Attribute: {fileID: 0}
    Weight: 0
    TargetDialogue: {fileID: -9127426941112572895}
    Conditions: []
    Actions: []
    Intent: 0
