%YAML 1.1
%TAG !u! tag:unity3d.com,2011:
--- !u!114 &11400000
MonoBehaviour:
  m_ObjectHideFlags: 0
  m_CorrespondingSourceObject: {fileID: 0}
  m_PrefabInstance: {fileID: 0}
  m_PrefabAsset: {fileID: 0}
  m_GameObject: {fileID: 0}
  m_Enabled: 1
  m_EditorHideFlags: 0
  m_Script: {fileID: 11500000, guid: dbeeffa8d54b0064d8c043e8b913107f, type: 3}
  m_Name: NPC3
  m_EditorClassIdentifier: 
  Nodes:
  - Content: {fileID: 114408032211333004}
    Position: {x: 280, y: 820}
  - Content: {fileID: 114681921243188766}
    Position: {x: 520, y: 820}
  - Content: {fileID: 114711995022127510}
    Position: {x: 800, y: 680}
  - Content: {fileID: 114919225241856612}
    Position: {x: 800, y: 1240}
  - Content: {fileID: 114203642703472488}
    Position: {x: 520, y: 400}
  - Content: {fileID: 114681003100531692}
    Position: {x: 800, y: 960}
  - Content: {fileID: 114141967068909484}
    Position: {x: 280, y: 400}
  - Content: {fileID: 114724073359443924}
    Position: {x: 280, y: 120}
  - Content: {fileID: 114399756271461056}
    Position: {x: 20, y: 200}
--- !u!114 &114141967068909484
MonoBehaviour:
  m_ObjectHideFlags: 0
  m_CorrespondingSourceObject: {fileID: 0}
  m_PrefabInstance: {fileID: 0}
  m_PrefabAsset: {fileID: 0}
  m_GameObject: {fileID: 0}
  m_Enabled: 1
  m_EditorHideFlags: 0
  m_Script: {fileID: 11500000, guid: 6a1f1dad75490c9458e7ca24e37ae1c3, type: 3}
  m_Name: Dialogue008
  m_EditorClassIdentifier: 
  AudioClip: {fileID: 0}
  Key: Assets/Resources/NodeBasedEditor/Level 1/NPC3.asset/Dialogue008
  DialogueText: "\u201C\xBFT\xFA otra vez? Vete.\u201D"
  OptionAnswers:
  - OptionText: "Escucha, se que es un d\xEDa dif\xEDcil, pero estoy aqu\xED para
      resolver este problema. *Mostrarle la llave*"
    Key: Assets/Resources/NodeBasedEditor/Level 1/NPC3.asset/Dialogue008_0
    Attribute: {fileID: 114536254101625990, guid: 78b40d9e47a5251428dc54e013e2d12f,
      type: 2}
    Weight: 2
    TargetDialogue: {fileID: 114203642703472488}
    Conditions:
    - {fileID: 11400000, guid: 1f3abd40c5c3a054695f371089c08fa2, type: 2}
    Actions: []
    Intent: 0
  - OptionText: Darse la Vuelta.
    Key: Assets/Resources/NodeBasedEditor/Level 1/NPC3.asset/Dialogue008_1
    Attribute: {fileID: 0}
    Weight: 0
    TargetDialogue: {fileID: 0}
    Conditions: []
    Actions: []
    Intent: 0
--- !u!114 &114203642703472488
MonoBehaviour:
  m_ObjectHideFlags: 0
  m_CorrespondingSourceObject: {fileID: 0}
  m_PrefabInstance: {fileID: 0}
  m_PrefabAsset: {fileID: 0}
  m_GameObject: {fileID: 0}
  m_Enabled: 1
  m_EditorHideFlags: 0
  m_Script: {fileID: 11500000, guid: 6a1f1dad75490c9458e7ca24e37ae1c3, type: 3}
  m_Name: Dialogue003
  m_EditorClassIdentifier: 
  AudioClip: {fileID: 0}
  Key: Assets/Resources/NodeBasedEditor/Level 1/NPC3.asset/Dialogue003
  DialogueText: Oh, entonces si te enviaron a ti. Siento el malentendido, puedes pasar.
  OptionAnswers:
  - OptionText: Continuar tu camino.
    Key: Assets/Resources/NodeBasedEditor/Level 1/NPC3.asset/Dialogue003_0
    Attribute: {fileID: 0}
    Weight: 0
    TargetDialogue: {fileID: 0}
    Conditions: []
    Actions:
    - {fileID: 11400000, guid: 80b2ba8ab178a954196193fcbd5b1fd7, type: 2}
    - {fileID: 11400000, guid: 55d3420b472889e4492f66b6b82306c6, type: 2}
    Intent: 0
--- !u!114 &114399756271461056
MonoBehaviour:
  m_ObjectHideFlags: 0
  m_CorrespondingSourceObject: {fileID: 0}
  m_PrefabInstance: {fileID: 0}
  m_PrefabAsset: {fileID: 0}
  m_GameObject: {fileID: 0}
  m_Enabled: 1
  m_EditorHideFlags: 0
  m_Script: {fileID: 11500000, guid: 6a1f1dad75490c9458e7ca24e37ae1c3, type: 3}
  m_Name: Root
  m_EditorClassIdentifier: 
  AudioClip: {fileID: 0}
  Key: Assets/Resources/NodeBasedEditor/Level 1/NPC3.asset/Root
  DialogueText: 
  OptionAnswers:
  - OptionText: 
    Key: Assets/Resources/NodeBasedEditor/Level 1/NPC3.asset/Root_0
    Attribute: {fileID: 0}
    Weight: 0
    TargetDialogue: {fileID: 114724073359443924}
    Conditions:
    - {fileID: 11400000, guid: 1f6840648cca2aa4e8645bbf7a8ebbbb, type: 2}
    Actions: []
    Intent: 0
  - OptionText: 
    Key: Assets/Resources/NodeBasedEditor/Level 1/NPC3.asset/Root_1
    Attribute: {fileID: 0}
    Weight: 0
    TargetDialogue: {fileID: 114141967068909484}
    Conditions:
    - {fileID: 11400000, guid: ee57952b63eee904b9d04aead2f5e3c1, type: 2}
    Actions: []
    Intent: 0
  - OptionText: 
    Key: Assets/Resources/NodeBasedEditor/Level 1/NPC3.asset/Root_2
    Attribute: {fileID: 0}
    Weight: 0
    TargetDialogue: {fileID: 114408032211333004}
    Conditions: []
    Actions: []
    Intent: 0
--- !u!114 &114408032211333004
MonoBehaviour:
  m_ObjectHideFlags: 0
  m_CorrespondingSourceObject: {fileID: 0}
  m_PrefabInstance: {fileID: 0}
  m_PrefabAsset: {fileID: 0}
  m_GameObject: {fileID: 0}
  m_Enabled: 1
  m_EditorHideFlags: 0
  m_Script: {fileID: 11500000, guid: 6a1f1dad75490c9458e7ca24e37ae1c3, type: 3}
  m_Name: Dialogue000
  m_EditorClassIdentifier: 
  AudioClip: {fileID: 0}
  Key: Assets/Resources/NodeBasedEditor/Level 1/NPC3.asset/Dialogue000
  DialogueText: "\u201CAlto ah\xED.\u201D"
  OptionAnswers:
  - OptionText: Hola Marek.
    Key: Assets/Resources/NodeBasedEditor/Level 1/NPC3.asset/Dialogue000_0
    Attribute: {fileID: 0}
    Weight: 0
    TargetDialogue: {fileID: 114681921243188766}
    Conditions: []
    Actions: []
    Intent: 0
--- !u!114 &114462885671158374
MonoBehaviour:
  m_ObjectHideFlags: 0
  m_CorrespondingSourceObject: {fileID: 0}
  m_PrefabInstance: {fileID: 0}
  m_PrefabAsset: {fileID: 0}
  m_GameObject: {fileID: 0}
  m_Enabled: 1
  m_EditorHideFlags: 0
  m_Script: {fileID: 11500000, guid: 6a1f1dad75490c9458e7ca24e37ae1c3, type: 3}
  m_Name: Dialogue007
  m_EditorClassIdentifier: 
  AudioClip: {fileID: 0}
  Key: 
  DialogueText: 
  OptionAnswers: []
--- !u!114 &114681003100531692
MonoBehaviour:
  m_ObjectHideFlags: 0
  m_CorrespondingSourceObject: {fileID: 0}
  m_PrefabInstance: {fileID: 0}
  m_PrefabAsset: {fileID: 0}
  m_GameObject: {fileID: 0}
  m_Enabled: 1
  m_EditorHideFlags: 0
  m_Script: {fileID: 11500000, guid: 6a1f1dad75490c9458e7ca24e37ae1c3, type: 3}
  m_Name: Dialogue006
  m_EditorClassIdentifier: 
  AudioClip: {fileID: 0}
  Key: Assets/Resources/NodeBasedEditor/Level 1/NPC3.asset/Dialogue006
  DialogueText: "*Se r\xEDe* \xBFTe enviaron a ti? No juegues conmigo, chico."
  OptionAnswers:
  - OptionText: Dar la vuelta.
    Key: Assets/Resources/NodeBasedEditor/Level 1/NPC3.asset/Dialogue006_0
    Attribute: {fileID: 0}
    Weight: 0
    TargetDialogue: {fileID: 0}
    Conditions: []
    Actions:
    - {fileID: 11400000, guid: c3b0ba614f9775d4482f1f7efcb2c059, type: 2}
    Intent: 0
--- !u!114 &114681921243188766
MonoBehaviour:
  m_ObjectHideFlags: 0
  m_CorrespondingSourceObject: {fileID: 0}
  m_PrefabInstance: {fileID: 0}
  m_PrefabAsset: {fileID: 0}
  m_GameObject: {fileID: 0}
  m_Enabled: 1
  m_EditorHideFlags: 0
  m_Script: {fileID: 11500000, guid: 6a1f1dad75490c9458e7ca24e37ae1c3, type: 3}
  m_Name: Dialogue010
  m_EditorClassIdentifier: 
  AudioClip: {fileID: 0}
  Key: Assets/Resources/NodeBasedEditor/Level 1/NPC3.asset/Dialogue010
  DialogueText: "\u201COh, eres t\xFA. No puedo dejarte pasar, tengo \xF3rdenes de
    impedir el paso a los novatos hasta nuevo aviso.\u201D"
  OptionAnswers:
  - OptionText: Preguntar porque nos impide el paso.
    Key: Assets/Resources/NodeBasedEditor/Level 1/NPC3.asset/Dialogue010_0
    Attribute: {fileID: 0}
    Weight: 0
    TargetDialogue: {fileID: 114711995022127510}
    Conditions: []
    Actions: []
    Intent: 0
  - OptionText: Dile que necesitas pasar de todas formas. Te enviaron a investigar
      lo sucedido en los nidos.
    Key: Assets/Resources/NodeBasedEditor/Level 1/NPC3.asset/Dialogue010_1
    Attribute: {fileID: 0}
    Weight: 0
    TargetDialogue: {fileID: 114681003100531692}
    Conditions: []
    Actions: []
    Intent: 0
  - OptionText: Sal de mi camino.
    Key: Assets/Resources/NodeBasedEditor/Level 1/NPC3.asset/Dialogue010_2
    Attribute: {fileID: 114843969415752084, guid: 78b40d9e47a5251428dc54e013e2d12f,
      type: 2}
    Weight: 1
    TargetDialogue: {fileID: 114919225241856612}
    Conditions: []
    Actions: []
    Intent: 0
--- !u!114 &114711995022127510
MonoBehaviour:
  m_ObjectHideFlags: 0
  m_CorrespondingSourceObject: {fileID: 0}
  m_PrefabInstance: {fileID: 0}
  m_PrefabAsset: {fileID: 0}
  m_GameObject: {fileID: 0}
  m_Enabled: 1
  m_EditorHideFlags: 0
  m_Script: {fileID: 11500000, guid: 6a1f1dad75490c9458e7ca24e37ae1c3, type: 3}
  m_Name: Dialogue001
  m_EditorClassIdentifier: 
  AudioClip: {fileID: 0}
  Key: Assets/Resources/NodeBasedEditor/Level 1/NPC3.asset/Dialogue001
  DialogueText: "\"Algo sucedi\xF3 en la cima del bosque. No puedo dejar pasar a nadie
    hasta que se determine que no hay ning\xFAn peligro.\""
  OptionAnswers:
  - OptionText: (Regresar)
    Key: Assets/Resources/NodeBasedEditor/Level 1/NPC3.asset/Dialogue001_0
    Attribute: {fileID: 0}
    Weight: 0
    TargetDialogue: {fileID: 114681921243188766}
    Conditions: []
    Actions: []
    Intent: 0
--- !u!114 &114724073359443924
MonoBehaviour:
  m_ObjectHideFlags: 0
  m_CorrespondingSourceObject: {fileID: 0}
  m_PrefabInstance: {fileID: 0}
  m_PrefabAsset: {fileID: 0}
  m_GameObject: {fileID: 0}
  m_Enabled: 1
  m_EditorHideFlags: 0
  m_Script: {fileID: 11500000, guid: 6a1f1dad75490c9458e7ca24e37ae1c3, type: 3}
  m_Name: Dialogue009
  m_EditorClassIdentifier: 
  AudioClip: {fileID: 0}
  Key: Assets/Resources/NodeBasedEditor/Level 1/NPC3.asset/Dialogue009
  DialogueText: "Marek est\xE1 en silencio. Debe sentirse avergonzado por el malentendido
    de antes."
  OptionAnswers:
  - OptionText: Dar la vuelta.
    Key: Assets/Resources/NodeBasedEditor/Level 1/NPC3.asset/Dialogue009_0
    Attribute: {fileID: 0}
    Weight: 0
    TargetDialogue: {fileID: 0}
    Conditions: []
    Actions: []
    Intent: 0
--- !u!114 &114739345800377298
MonoBehaviour:
  m_ObjectHideFlags: 0
  m_CorrespondingSourceObject: {fileID: 0}
  m_PrefabInstance: {fileID: 0}
  m_PrefabAsset: {fileID: 0}
  m_GameObject: {fileID: 0}
  m_Enabled: 1
  m_EditorHideFlags: 0
  m_Script: {fileID: 11500000, guid: 6a1f1dad75490c9458e7ca24e37ae1c3, type: 3}
  m_Name: Dialogue005
  m_EditorClassIdentifier: 
  AudioClip: {fileID: 0}
  Key: 
  DialogueText: 
  OptionAnswers: []
--- !u!114 &114867377697647296
MonoBehaviour:
  m_ObjectHideFlags: 0
  m_CorrespondingSourceObject: {fileID: 0}
  m_PrefabInstance: {fileID: 0}
  m_PrefabAsset: {fileID: 0}
  m_GameObject: {fileID: 0}
  m_Enabled: 1
  m_EditorHideFlags: 0
  m_Script: {fileID: 11500000, guid: 6a1f1dad75490c9458e7ca24e37ae1c3, type: 3}
  m_Name: Dialogue006
  m_EditorClassIdentifier: 
  AudioClip: {fileID: 0}
  Key: 
  DialogueText: 
  OptionAnswers: []
--- !u!114 &114919225241856612
MonoBehaviour:
  m_ObjectHideFlags: 0
  m_CorrespondingSourceObject: {fileID: 0}
  m_PrefabInstance: {fileID: 0}
  m_PrefabAsset: {fileID: 0}
  m_GameObject: {fileID: 0}
  m_Enabled: 1
  m_EditorHideFlags: 0
  m_Script: {fileID: 11500000, guid: 6a1f1dad75490c9458e7ca24e37ae1c3, type: 3}
  m_Name: Dialogue002
  m_EditorClassIdentifier: 
  AudioClip: {fileID: 0}
  Key: Assets/Resources/NodeBasedEditor/Level 1/NPC3.asset/Dialogue002
  DialogueText: "\u201CYo no lo intentar\xEDa si fuera t\xFA, ni\xF1o. No quieras
    provocarme.\u201D"
  OptionAnswers:
  - OptionText: Dar la vuelta.
    Key: Assets/Resources/NodeBasedEditor/Level 1/NPC3.asset/Dialogue002_0
    Attribute: {fileID: 0}
    Weight: 0
    TargetDialogue: {fileID: 0}
    Conditions: []
    Actions:
    - {fileID: 11400000, guid: c3b0ba614f9775d4482f1f7efcb2c059, type: 2}
    Intent: 0
