%YAML 1.1
%TAG !u! tag:unity3d.com,2011:
--- !u!114 &11400000
MonoBehaviour:
  m_ObjectHideFlags: 0
  m_CorrespondingSourceObject: {fileID: 0}
  m_PrefabInstance: {fileID: 0}
  m_PrefabAsset: {fileID: 0}
  m_GameObject: {fileID: 0}
  m_Enabled: 1
  m_EditorHideFlags: 0
  m_Script: {fileID: 11500000, guid: dbeeffa8d54b0064d8c043e8b913107f, type: 3}
  m_Name: NPC4
  m_EditorClassIdentifier: 
  Nodes:
  - Content: {fileID: 114591689365647914}
    Position: {x: 400, y: 460}
  - Content: {fileID: 114481751118532756}
    Position: {x: 620, y: 460}
  - Content: {fileID: 114572525932923356}
    Position: {x: 840, y: 460}
  - Content: {fileID: 114190800102420814}
    Position: {x: 1080, y: 460}
  - Content: {fileID: 114014448058832672}
    Position: {x: 1080, y: 1020}
  - Content: {fileID: 114919476624486094}
    Position: {x: 400, y: 60}
  - Content: {fileID: 114501892066377824}
    Position: {x: 1080, y: 740}
  - Content: {fileID: 114530758572485504}
    Position: {x: 140, y: 160}
--- !u!114 &114014448058832672
MonoBehaviour:
  m_ObjectHideFlags: 0
  m_CorrespondingSourceObject: {fileID: 0}
  m_PrefabInstance: {fileID: 0}
  m_PrefabAsset: {fileID: 0}
  m_GameObject: {fileID: 0}
  m_Enabled: 1
  m_EditorHideFlags: 0
  m_Script: {fileID: 11500000, guid: 6a1f1dad75490c9458e7ca24e37ae1c3, type: 3}
  m_Name: Dialogue005
  m_EditorClassIdentifier: 
  AudioClip: {fileID: 0}
  Key: Assets/Resources/NodeBasedEditor/Level 1/NPC4.asset/Dialogue005
  DialogueText: "\u201CThen get going novice, seize the day.\u201D"
  OptionAnswers:
  - OptionText: Go.
    Key: Assets/Resources/NodeBasedEditor/Level 1/NPC4.asset/Dialogue005_0
    Attribute: {fileID: 0}
    Weight: 0
    TargetDialogue: {fileID: 0}
    Conditions: []
    Actions:
    - {fileID: 11400000, guid: 5d221324eb203454bbef900bf04d85c0, type: 2}
    Intent: 0
--- !u!114 &114190800102420814
MonoBehaviour:
  m_ObjectHideFlags: 0
  m_CorrespondingSourceObject: {fileID: 0}
  m_PrefabInstance: {fileID: 0}
  m_PrefabAsset: {fileID: 0}
  m_GameObject: {fileID: 0}
  m_Enabled: 1
  m_EditorHideFlags: 0
  m_Script: {fileID: 11500000, guid: 6a1f1dad75490c9458e7ca24e37ae1c3, type: 3}
  m_Name: Dialogue003
  m_EditorClassIdentifier: 
  AudioClip: {fileID: 0}
  Key: Assets/Resources/NodeBasedEditor/Level 1/NPC4.asset/Dialogue003
  DialogueText: "I see what\u2019s going on. Marek\u2019s on guard duty today, isn\u2019t
    he? Be patient with him, this incident is making him nervous. Take this key and
    show it to him, he\u2019ll let you through."
  OptionAnswers:
  - OptionText: Thank him for the help.
    Key: Assets/Resources/NodeBasedEditor/Level 1/NPC4.asset/Dialogue003_0
    Attribute: {fileID: 0}
    Weight: 0
    TargetDialogue: {fileID: 114572525932923356}
    Conditions: []
    Actions: []
    Intent: 0
--- !u!114 &114481751118532756
MonoBehaviour:
  m_ObjectHideFlags: 0
  m_CorrespondingSourceObject: {fileID: 0}
  m_PrefabInstance: {fileID: 0}
  m_PrefabAsset: {fileID: 0}
  m_GameObject: {fileID: 0}
  m_Enabled: 1
  m_EditorHideFlags: 0
  m_Script: {fileID: 11500000, guid: 6a1f1dad75490c9458e7ca24e37ae1c3, type: 3}
  m_Name: Dialogue001
  m_EditorClassIdentifier: 
  AudioClip: {fileID: 0}
  Key: Assets/Resources/NodeBasedEditor/Level 1/NPC4.asset/Dialogue001
  DialogueText: Thank you for your help young man. Please, make sure nothing strange
    has occurred and report it upon your return.
  OptionAnswers:
  - OptionText: (Continue)
    Key: Assets/Resources/NodeBasedEditor/Level 1/NPC4.asset/Dialogue001_0
    Attribute: {fileID: 0}
    Weight: 0
    TargetDialogue: {fileID: 114572525932923356}
    Conditions: []
    Actions: []
    Intent: 0
--- !u!114 &114501892066377824
MonoBehaviour:
  m_ObjectHideFlags: 0
  m_CorrespondingSourceObject: {fileID: 0}
  m_PrefabInstance: {fileID: 0}
  m_PrefabAsset: {fileID: 0}
  m_GameObject: {fileID: 0}
  m_Enabled: 1
  m_EditorHideFlags: 0
  m_Script: {fileID: 11500000, guid: 6a1f1dad75490c9458e7ca24e37ae1c3, type: 3}
  m_Name: Dialogue009
  m_EditorClassIdentifier: 
  AudioClip: {fileID: 0}
  Key: Assets/Resources/NodeBasedEditor/Level 1/NPC4.asset/Dialogue009
  DialogueText: "Hmmm. Haven\u2019t seen one of this kind in a while. To be frank,
    I know little about them. Ask around at the aviary, they\u2019ll certainly know
    more."
  OptionAnswers:
  - OptionText: (Go back)
    Key: Assets/Resources/NodeBasedEditor/Level 1/NPC4.asset/Dialogue009_0
    Attribute: {fileID: 0}
    Weight: 0
    TargetDialogue: {fileID: 114572525932923356}
    Conditions: []
    Actions: []
    Intent: 0
--- !u!114 &114530758572485504
MonoBehaviour:
  m_ObjectHideFlags: 0
  m_CorrespondingSourceObject: {fileID: 0}
  m_PrefabInstance: {fileID: 0}
  m_PrefabAsset: {fileID: 0}
  m_GameObject: {fileID: 0}
  m_Enabled: 1
  m_EditorHideFlags: 0
  m_Script: {fileID: 11500000, guid: 6a1f1dad75490c9458e7ca24e37ae1c3, type: 3}
  m_Name: Root
  m_EditorClassIdentifier: 
  AudioClip: {fileID: 0}
  Key: Assets/Resources/NodeBasedEditor/Level 1/NPC4.asset/Root
  DialogueText: 
  OptionAnswers:
  - OptionText: 
    Key: Assets/Resources/NodeBasedEditor/Level 1/NPC4.asset/Root_0
    Attribute: {fileID: 0}
    Weight: 0
    TargetDialogue: {fileID: 114919476624486094}
    Conditions:
    - {fileID: 11400000, guid: 74c2461ef5c301f4693e1e9a7cb206c1, type: 2}
    Actions: []
    Intent: 0
  - OptionText: 
    Key: Assets/Resources/NodeBasedEditor/Level 1/NPC4.asset/Root_1
    Attribute: {fileID: 0}
    Weight: 0
    TargetDialogue: {fileID: 114591689365647914}
    Conditions: []
    Actions: []
    Intent: 0
--- !u!114 &114572525932923356
MonoBehaviour:
  m_ObjectHideFlags: 0
  m_CorrespondingSourceObject: {fileID: 0}
  m_PrefabInstance: {fileID: 0}
  m_PrefabAsset: {fileID: 0}
  m_GameObject: {fileID: 0}
  m_Enabled: 1
  m_EditorHideFlags: 0
  m_Script: {fileID: 11500000, guid: 6a1f1dad75490c9458e7ca24e37ae1c3, type: 3}
  m_Name: Dialogue002
  m_EditorClassIdentifier: 
  AudioClip: {fileID: 0}
  Key: Assets/Resources/NodeBasedEditor/Level 1/NPC4.asset/Dialogue002
  DialogueText: "\xBFDo you need anything else?"
  OptionAnswers:
  - OptionText: I need to get through that door down there.
    Key: Assets/Resources/NodeBasedEditor/Level 1/NPC4.asset/Dialogue002_0
    Attribute: {fileID: 114536254101625990, guid: 78b40d9e47a5251428dc54e013e2d12f,
      type: 2}
    Weight: 1
    TargetDialogue: {fileID: 114190800102420814}
    Conditions:
    - {fileID: 11400000, guid: 566dbfb63a7bba248bbfa23bab6b565a, type: 2}
    Actions:
    - {fileID: 11400000, guid: cd912e5dd9dae0d468be334ebbf7da18, type: 2}
    Intent: 1
  - OptionText: Do you know anything about this bird?
    Key: Assets/Resources/NodeBasedEditor/Level 1/NPC4.asset/Dialogue002_1
    Attribute: {fileID: 0}
    Weight: 0
    TargetDialogue: {fileID: 114501892066377824}
    Conditions: []
    Actions: []
    Intent: 0
  - OptionText: No sir. I was just leaving.
    Key: Assets/Resources/NodeBasedEditor/Level 1/NPC4.asset/Dialogue002_2
    Attribute: {fileID: 0}
    Weight: 0
    TargetDialogue: {fileID: 114014448058832672}
    Conditions: []
    Actions: []
    Intent: 0
--- !u!114 &114591689365647914
MonoBehaviour:
  m_ObjectHideFlags: 0
  m_CorrespondingSourceObject: {fileID: 0}
  m_PrefabInstance: {fileID: 0}
  m_PrefabAsset: {fileID: 0}
  m_GameObject: {fileID: 0}
  m_Enabled: 1
  m_EditorHideFlags: 0
  m_Script: {fileID: 11500000, guid: 6a1f1dad75490c9458e7ca24e37ae1c3, type: 3}
  m_Name: Dialogue000
  m_EditorClassIdentifier: 
  AudioClip: {fileID: 0}
  Key: Assets/Resources/NodeBasedEditor/Level 1/NPC4.asset/Dialogue000
  DialogueText: Good day novice. We meet again
  OptionAnswers:
  - OptionText: Greet him
    Key: Assets/Resources/NodeBasedEditor/Level 1/NPC4.asset/Dialogue000_0
    Attribute: {fileID: 0}
    Weight: 0
    TargetDialogue: {fileID: 114481751118532756}
    Conditions: []
    Actions: []
    Intent: 0
--- !u!114 &114919476624486094
MonoBehaviour:
  m_ObjectHideFlags: 0
  m_CorrespondingSourceObject: {fileID: 0}
  m_PrefabInstance: {fileID: 0}
  m_PrefabAsset: {fileID: 0}
  m_GameObject: {fileID: 0}
  m_Enabled: 1
  m_EditorHideFlags: 0
  m_Script: {fileID: 11500000, guid: 6a1f1dad75490c9458e7ca24e37ae1c3, type: 3}
  m_Name: Dialogue008
  m_EditorClassIdentifier: 
  AudioClip: {fileID: 0}
  Key: Assets/Resources/NodeBasedEditor/Level 1/NPC4.asset/Dialogue008
  DialogueText: "\u201CYou need anything else?\u201D"
  OptionAnswers:
  - OptionText: "\u201CI need to get through the gate below.\u201D"
    Key: Assets/Resources/NodeBasedEditor/Level 1/NPC4.asset/Dialogue008_0
    Attribute: {fileID: 114536254101625990, guid: 78b40d9e47a5251428dc54e013e2d12f,
      type: 2}
    Weight: 1
    TargetDialogue: {fileID: 114190800102420814}
    Conditions:
    - {fileID: 11400000, guid: 566dbfb63a7bba248bbfa23bab6b565a, type: 2}
    Actions: []
    Intent: 0
  - OptionText: "\u201CNo sir. Just passing by.\u201D"
    Key: Assets/Resources/NodeBasedEditor/Level 1/NPC4.asset/Dialogue008_1
    Attribute: {fileID: 0}
    Weight: 0
    TargetDialogue: {fileID: 0}
    Conditions: []
    Actions: []
    Intent: 0
