%YAML 1.1
%TAG !u! tag:unity3d.com,2011:
--- !u!1 &7079390390131629009
GameObject:
  m_ObjectHideFlags: 0
  m_CorrespondingSourceObject: {fileID: 0}
  m_PrefabInstance: {fileID: 0}
  m_PrefabAsset: {fileID: 0}
  serializedVersion: 6
  m_Component:
  - component: {fileID: 7410816950429215929}
  m_Layer: 0
  m_Name: Wall 12
  m_TagString: Untagged
  m_Icon: {fileID: 0}
  m_NavMeshLayer: 0
  m_StaticEditorFlags: 0
  m_IsActive: 1
--- !u!4 &7410816950429215929
Transform:
  m_ObjectHideFlags: 0
  m_CorrespondingSourceObject: {fileID: 0}
  m_PrefabInstance: {fileID: 0}
  m_PrefabAsset: {fileID: 0}
  m_GameObject: {fileID: 7079390390131629009}
  m_LocalRotation: {x: -0, y: -0, z: -0, w: 1}
  m_LocalPosition: {x: -13.51, y: -14.53, z: -32.9375}
  m_LocalScale: {x: 1, y: 1, z: 1}
  m_Children:
  - {fileID: 2008122763911754915}
  - {fileID: 8064734445569797943}
  - {fileID: 1301181241809101734}
  m_Father: {fileID: 0}
  m_RootOrder: 0
  m_LocalEulerAnglesHint: {x: 0, y: 0, z: 0}
--- !u!1001 &2348384279775906012
PrefabInstance:
  m_ObjectHideFlags: 0
  serializedVersion: 2
  m_Modification:
    m_TransformParent: {fileID: 7410816950429215929}
    m_Modifications:
    - target: {fileID: 4272062324538506367, guid: 38f1edfc36c20ee4295f7a6f92b276c3,
        type: 3}
      propertyPath: m_LocalPosition.x
      value: 2.490241
      objectReference: {fileID: 0}
    - target: {fileID: 4272062324538506367, guid: 38f1edfc36c20ee4295f7a6f92b276c3,
        type: 3}
      propertyPath: m_LocalPosition.y
      value: 0.15964413
      objectReference: {fileID: 0}
    - target: {fileID: 4272062324538506367, guid: 38f1edfc36c20ee4295f7a6f92b276c3,
        type: 3}
      propertyPath: m_LocalPosition.z
      value: 32.93744
      objectReference: {fileID: 0}
    - target: {fileID: 4272062324538506367, guid: 38f1edfc36c20ee4295f7a6f92b276c3,
        type: 3}
      propertyPath: m_LocalRotation.x
      value: -0
      objectReference: {fileID: 0}
    - target: {fileID: 4272062324538506367, guid: 38f1edfc36c20ee4295f7a6f92b276c3,
        type: 3}
      propertyPath: m_LocalRotation.y
      value: -0
      objectReference: {fileID: 0}
    - target: {fileID: 4272062324538506367, guid: 38f1edfc36c20ee4295f7a6f92b276c3,
        type: 3}
      propertyPath: m_LocalRotation.z
      value: -0
      objectReference: {fileID: 0}
    - target: {fileID: 4272062324538506367, guid: 38f1edfc36c20ee4295f7a6f92b276c3,
        type: 3}
      propertyPath: m_LocalRotation.w
      value: 1
      objectReference: {fileID: 0}
    - target: {fileID: 4272062324538506367, guid: 38f1edfc36c20ee4295f7a6f92b276c3,
        type: 3}
      propertyPath: m_RootOrder
      value: 0
      objectReference: {fileID: 0}
    - target: {fileID: 4272062324538506367, guid: 38f1edfc36c20ee4295f7a6f92b276c3,
        type: 3}
      propertyPath: m_LocalEulerAnglesHint.x
      value: 0
      objectReference: {fileID: 0}
    - target: {fileID: 4272062324538506367, guid: 38f1edfc36c20ee4295f7a6f92b276c3,
        type: 3}
      propertyPath: m_LocalEulerAnglesHint.y
      value: 0
      objectReference: {fileID: 0}
    - target: {fileID: 4272062324538506367, guid: 38f1edfc36c20ee4295f7a6f92b276c3,
        type: 3}
      propertyPath: m_LocalEulerAnglesHint.z
      value: 0
      objectReference: {fileID: 0}
    - target: {fileID: 4278124954398996856, guid: 38f1edfc36c20ee4295f7a6f92b276c3,
        type: 3}
      propertyPath: m_Name
      value: House_Exterior_PlacaDestruida1 (1)
      objectReference: {fileID: 0}
    m_RemovedComponents: []
  m_SourcePrefab: {fileID: 100100000, guid: 38f1edfc36c20ee4295f7a6f92b276c3, type: 3}
--- !u!4 &2008122763911754915 stripped
Transform:
  m_CorrespondingSourceObject: {fileID: 4272062324538506367, guid: 38f1edfc36c20ee4295f7a6f92b276c3,
    type: 3}
  m_PrefabInstance: {fileID: 2348384279775906012}
  m_PrefabAsset: {fileID: 0}
--- !u!1001 &3825716336100936281
PrefabInstance:
  m_ObjectHideFlags: 0
  serializedVersion: 2
  m_Modification:
    m_TransformParent: {fileID: 7410816950429215929}
    m_Modifications:
    - target: {fileID: 2817307020478802428, guid: ee1cbb2f2410a6a4eb675acd4d7a39dc,
        type: 3}
      propertyPath: m_Name
      value: Wall - Dark 2
      objectReference: {fileID: 0}
    - target: {fileID: 2817307020478802431, guid: ee1cbb2f2410a6a4eb675acd4d7a39dc,
        type: 3}
      propertyPath: m_LocalPosition.x
      value: -2.3099995
      objectReference: {fileID: 0}
    - target: {fileID: 2817307020478802431, guid: ee1cbb2f2410a6a4eb675acd4d7a39dc,
        type: 3}
      propertyPath: m_LocalPosition.y
      value: 0.15999985
      objectReference: {fileID: 0}
    - target: {fileID: 2817307020478802431, guid: ee1cbb2f2410a6a4eb675acd4d7a39dc,
        type: 3}
      propertyPath: m_LocalPosition.z
      value: 32.93744
      objectReference: {fileID: 0}
    - target: {fileID: 2817307020478802431, guid: ee1cbb2f2410a6a4eb675acd4d7a39dc,
        type: 3}
      propertyPath: m_LocalRotation.x
      value: -0
      objectReference: {fileID: 0}
    - target: {fileID: 2817307020478802431, guid: ee1cbb2f2410a6a4eb675acd4d7a39dc,
        type: 3}
      propertyPath: m_LocalRotation.y
      value: -0
      objectReference: {fileID: 0}
    - target: {fileID: 2817307020478802431, guid: ee1cbb2f2410a6a4eb675acd4d7a39dc,
        type: 3}
      propertyPath: m_LocalRotation.z
      value: -0
      objectReference: {fileID: 0}
    - target: {fileID: 2817307020478802431, guid: ee1cbb2f2410a6a4eb675acd4d7a39dc,
        type: 3}
      propertyPath: m_LocalRotation.w
      value: 1
      objectReference: {fileID: 0}
    - target: {fileID: 2817307020478802431, guid: ee1cbb2f2410a6a4eb675acd4d7a39dc,
        type: 3}
      propertyPath: m_RootOrder
      value: 2
      objectReference: {fileID: 0}
    - target: {fileID: 2817307020478802431, guid: ee1cbb2f2410a6a4eb675acd4d7a39dc,
        type: 3}
      propertyPath: m_LocalEulerAnglesHint.x
      value: 0
      objectReference: {fileID: 0}
    - target: {fileID: 2817307020478802431, guid: ee1cbb2f2410a6a4eb675acd4d7a39dc,
        type: 3}
      propertyPath: m_LocalEulerAnglesHint.y
      value: 0
      objectReference: {fileID: 0}
    - target: {fileID: 2817307020478802431, guid: ee1cbb2f2410a6a4eb675acd4d7a39dc,
        type: 3}
      propertyPath: m_LocalEulerAnglesHint.z
      value: 0
      objectReference: {fileID: 0}
    m_RemovedComponents: []
  m_SourcePrefab: {fileID: 100100000, guid: ee1cbb2f2410a6a4eb675acd4d7a39dc, type: 3}
--- !u!4 &1301181241809101734 stripped
Transform:
  m_CorrespondingSourceObject: {fileID: 2817307020478802431, guid: ee1cbb2f2410a6a4eb675acd4d7a39dc,
    type: 3}
  m_PrefabInstance: {fileID: 3825716336100936281}
  m_PrefabAsset: {fileID: 0}
--- !u!1001 &6442714176196161614
PrefabInstance:
  m_ObjectHideFlags: 0
  serializedVersion: 2
  m_Modification:
    m_TransformParent: {fileID: 7410816950429215929}
    m_Modifications:
    - target: {fileID: 1872961041540367573, guid: 2072de441aecce84fb880b88416f53c4,
        type: 3}
      propertyPath: m_FalloffIntensity
      value: 0.534
      objectReference: {fileID: 0}
    - target: {fileID: 1872961041540367573, guid: 2072de441aecce84fb880b88416f53c4,
        type: 3}
      propertyPath: m_ShapeLightFalloffSize
      value: 10.42
      objectReference: {fileID: 0}
    - target: {fileID: 2456480527890312741, guid: 2072de441aecce84fb880b88416f53c4,
        type: 3}
      propertyPath: m_FalloffIntensity
      value: 0.3
      objectReference: {fileID: 0}
    - target: {fileID: 2456480527890312741, guid: 2072de441aecce84fb880b88416f53c4,
        type: 3}
      propertyPath: m_LightVolumeOpacity
      value: 0.15
      objectReference: {fileID: 0}
    - target: {fileID: 3927894614719127414, guid: 2072de441aecce84fb880b88416f53c4,
        type: 3}
      propertyPath: m_Name
      value: Window 2
      objectReference: {fileID: 0}
    - target: {fileID: 3927894614719127417, guid: 2072de441aecce84fb880b88416f53c4,
        type: 3}
      propertyPath: m_LocalPosition.x
      value: 0.09024143
      objectReference: {fileID: 0}
    - target: {fileID: 3927894614719127417, guid: 2072de441aecce84fb880b88416f53c4,
        type: 3}
      propertyPath: m_LocalPosition.y
      value: 0.1598444
      objectReference: {fileID: 0}
    - target: {fileID: 3927894614719127417, guid: 2072de441aecce84fb880b88416f53c4,
        type: 3}
      propertyPath: m_LocalPosition.z
      value: 32.93744
      objectReference: {fileID: 0}
    - target: {fileID: 3927894614719127417, guid: 2072de441aecce84fb880b88416f53c4,
        type: 3}
      propertyPath: m_LocalRotation.x
      value: -0
      objectReference: {fileID: 0}
    - target: {fileID: 3927894614719127417, guid: 2072de441aecce84fb880b88416f53c4,
        type: 3}
      propertyPath: m_LocalRotation.y
      value: -0
      objectReference: {fileID: 0}
    - target: {fileID: 3927894614719127417, guid: 2072de441aecce84fb880b88416f53c4,
        type: 3}
      propertyPath: m_LocalRotation.z
      value: -0
      objectReference: {fileID: 0}
    - target: {fileID: 3927894614719127417, guid: 2072de441aecce84fb880b88416f53c4,
        type: 3}
      propertyPath: m_LocalRotation.w
      value: 1
      objectReference: {fileID: 0}
    - target: {fileID: 3927894614719127417, guid: 2072de441aecce84fb880b88416f53c4,
        type: 3}
      propertyPath: m_RootOrder
      value: 1
      objectReference: {fileID: 0}
    - target: {fileID: 3927894614719127417, guid: 2072de441aecce84fb880b88416f53c4,
        type: 3}
      propertyPath: m_LocalEulerAnglesHint.x
      value: 0
      objectReference: {fileID: 0}
    - target: {fileID: 3927894614719127417, guid: 2072de441aecce84fb880b88416f53c4,
        type: 3}
      propertyPath: m_LocalEulerAnglesHint.y
      value: 0
      objectReference: {fileID: 0}
    - target: {fileID: 3927894614719127417, guid: 2072de441aecce84fb880b88416f53c4,
        type: 3}
      propertyPath: m_LocalEulerAnglesHint.z
      value: 0
      objectReference: {fileID: 0}
    - target: {fileID: 6931245193964739786, guid: 2072de441aecce84fb880b88416f53c4,
        type: 3}
      propertyPath: m_FalloffIntensity
      value: 0.97
      objectReference: {fileID: 0}
    - target: {fileID: 6931245193964739786, guid: 2072de441aecce84fb880b88416f53c4,
        type: 3}
      propertyPath: m_LightVolumeOpacity
      value: 0.37
      objectReference: {fileID: 0}
    m_RemovedComponents: []
  m_SourcePrefab: {fileID: 100100000, guid: 2072de441aecce84fb880b88416f53c4, type: 3}
--- !u!4 &8064734445569797943 stripped
Transform:
  m_CorrespondingSourceObject: {fileID: 3927894614719127417, guid: 2072de441aecce84fb880b88416f53c4,
    type: 3}
  m_PrefabInstance: {fileID: 6442714176196161614}
  m_PrefabAsset: {fileID: 0}
