%YAML 1.1
%TAG !u! tag:unity3d.com,2011:
--- !u!114 &11400000
MonoBehaviour:
  m_ObjectHideFlags: 0
  m_CorrespondingSourceObject: {fileID: 0}
  m_PrefabInstance: {fileID: 0}
  m_PrefabAsset: {fileID: 0}
  m_GameObject: {fileID: 0}
  m_Enabled: 1
  m_EditorHideFlags: 0
  m_Script: {fileID: 11500000, guid: dbeeffa8d54b0064d8c043e8b913107f, type: 3}
  m_Name: NPC 8b
  m_EditorClassIdentifier: 
  Nodes:
  - Content: {fileID: 114330303849475166}
    Position: {x: -520, y: 80}
  - Content: {fileID: 114569900730738718}
    Position: {x: -260, y: 480}
  - Content: {fileID: 114927237898226774}
    Position: {x: -20, y: 480}
  - Content: {fileID: 114579021415814000}
    Position: {x: 220, y: 740}
  - Content: {fileID: 114760784161003352}
    Position: {x: 500, y: 280}
  - Content: {fileID: 114880655628438606}
    Position: {x: 760, y: 920}
  - Content: {fileID: 114039808644980204}
    Position: {x: 220, y: 340}
  - Content: {fileID: 114709050717930812}
    Position: {x: -260, y: 60}
  - Content: {fileID: 114193135602868376}
    Position: {x: -260, y: -220}
  - Content: {fileID: 114431928373195942}
    Position: {x: 760, y: 280}
  - Content: {fileID: 114257897450164118}
    Position: {x: 760, y: 600}
  - Content: {fileID: 114066021081343738}
    Position: {x: 1300, y: 500}
  - Content: {fileID: 114985923820398010}
    Position: {x: 1020, y: 500}
  - Content: {fileID: 114250236725851696}
    Position: {x: 1300, y: 820}
--- !u!114 &114039808644980204
MonoBehaviour:
  m_ObjectHideFlags: 0
  m_CorrespondingSourceObject: {fileID: 0}
  m_PrefabInstance: {fileID: 0}
  m_PrefabAsset: {fileID: 0}
  m_GameObject: {fileID: 0}
  m_Enabled: 1
  m_EditorHideFlags: 0
  m_Script: {fileID: 11500000, guid: 6a1f1dad75490c9458e7ca24e37ae1c3, type: 3}
  m_Name: Dial006
  m_EditorClassIdentifier: 
  AudioClip: {fileID: 0}
  Key: Assets/Resources/NodeBasedEditor/Level 2/NPC 8b.asset/Dial006
  DialogueText: "\u201CYou find yourself at a crossroads. The first path leads to
    a jungle of thorns and poison ivy. The second, to a dark forest home to ferocious
    creatures that haven\u2019t eaten in months. The third, to a perilous bog riddled
    with quicksand.\u201D\n\u201CWhich one is the safest?\u201D"
  OptionAnswers:
  - OptionText: '"I think I can solve it."'
    Key: Assets/Resources/NodeBasedEditor/Level 2/NPC 8b.asset/Dial006_0
    Attribute: {fileID: 0}
    Weight: 0
    TargetDialogue: {fileID: 114760784161003352}
    Conditions: []
    Actions: []
    Intent: 0
  - OptionText: '"I need more time."'
    Key: Assets/Resources/NodeBasedEditor/Level 2/NPC 8b.asset/Dial006_1
    Attribute: {fileID: 0}
    Weight: 0
    TargetDialogue: {fileID: 114880655628438606}
    Conditions: []
    Actions: []
    Intent: 0
--- !u!114 &114066021081343738
MonoBehaviour:
  m_ObjectHideFlags: 0
  m_CorrespondingSourceObject: {fileID: 0}
  m_PrefabInstance: {fileID: 0}
  m_PrefabAsset: {fileID: 0}
  m_GameObject: {fileID: 0}
  m_Enabled: 1
  m_EditorHideFlags: 0
  m_Script: {fileID: 11500000, guid: 6a1f1dad75490c9458e7ca24e37ae1c3, type: 3}
  m_Name: Dial012
  m_EditorClassIdentifier: 
  AudioClip: {fileID: 0}
  Key: Assets/Resources/NodeBasedEditor/Level 2/NPC 8b.asset/Dial012
  DialogueText: "\u201CGood job, boy. The creatures would surely pose no threat after
    months of starvation. It seems I should think of harder riddles when it comes
    to hunters.\u201D\n\u201CGo on, I don't want to keep you busy. And thanks again
    for your time.\u201D"
  OptionAnswers:
  - OptionText: Nod and say goodbye.
    Key: Assets/Resources/NodeBasedEditor/Level 2/NPC 8b.asset/Dial012_0
    Attribute: {fileID: 0}
    Weight: 0
    TargetDialogue: {fileID: 0}
    Conditions: []
    Actions: []
    Intent: 0
--- !u!114 &114193135602868376
MonoBehaviour:
  m_ObjectHideFlags: 0
  m_CorrespondingSourceObject: {fileID: 0}
  m_PrefabInstance: {fileID: 0}
  m_PrefabAsset: {fileID: 0}
  m_GameObject: {fileID: 0}
  m_Enabled: 1
  m_EditorHideFlags: 0
  m_Script: {fileID: 11500000, guid: 6a1f1dad75490c9458e7ca24e37ae1c3, type: 3}
  m_Name: Dial008
  m_EditorClassIdentifier: 
  AudioClip: {fileID: 0}
  Key: Assets/Resources/NodeBasedEditor/Level 2/NPC 8b.asset/Dial008
  DialogueText: '"Hello again hunter. You came back for more riddles? Maybe I''ll
    think of a new one when you get us out of here."'
  OptionAnswers:
  - OptionText: Nod and turn back.
    Key: Assets/Resources/NodeBasedEditor/Level 2/NPC 8b.asset/Dial008_0
    Attribute: {fileID: 0}
    Weight: 0
    TargetDialogue: {fileID: 0}
    Conditions: []
    Actions: []
    Intent: 0
--- !u!114 &114250236725851696
MonoBehaviour:
  m_ObjectHideFlags: 0
  m_CorrespondingSourceObject: {fileID: 0}
  m_PrefabInstance: {fileID: 0}
  m_PrefabAsset: {fileID: 0}
  m_GameObject: {fileID: 0}
  m_Enabled: 1
  m_EditorHideFlags: 0
  m_Script: {fileID: 11500000, guid: 6a1f1dad75490c9458e7ca24e37ae1c3, type: 3}
  m_Name: Dial013
  m_EditorClassIdentifier: 
  AudioClip: {fileID: 0}
  Key: Assets/Resources/NodeBasedEditor/Level 2/NPC 8b.asset/Dial013
  DialogueText: "He laughs vigorously.\n\u201CYou take me for a fool, boy? The point
    of a riddle is to reflect about it, not to guess the answer.\u201D\n\u201CI'll
    think of an easier one for you next time.\u201D"
  OptionAnswers:
  - OptionText: Say goodbye.
    Key: Assets/Resources/NodeBasedEditor/Level 2/NPC 8b.asset/Dial013_0
    Attribute: {fileID: 0}
    Weight: 0
    TargetDialogue: {fileID: 0}
    Conditions: []
    Actions:
    - {fileID: 0}
    Intent: 0
--- !u!114 &114257897450164118
MonoBehaviour:
  m_ObjectHideFlags: 0
  m_CorrespondingSourceObject: {fileID: 0}
  m_PrefabInstance: {fileID: 0}
  m_PrefabAsset: {fileID: 0}
  m_GameObject: {fileID: 0}
  m_Enabled: 1
  m_EditorHideFlags: 0
  m_Script: {fileID: 11500000, guid: 6a1f1dad75490c9458e7ca24e37ae1c3, type: 3}
  m_Name: Dial011
  m_EditorClassIdentifier: 
  AudioClip: {fileID: 0}
  Key: Assets/Resources/NodeBasedEditor/Level 2/NPC 8b.asset/Dial011
  DialogueText: "\u201CSo how are you suggesting to get through all the quicksand?
    Grow wings? Try again boy.\u201D"
  OptionAnswers:
  - OptionText: Go back.
    Key: Assets/Resources/NodeBasedEditor/Level 2/NPC 8b.asset/Dial011_0
    Attribute: {fileID: 0}
    Weight: 0
    TargetDialogue: {fileID: 0}
    Conditions: []
    Actions:
    - {fileID: 11400000, guid: 1ce242bc30f35dd47be1806e12c9d409, type: 2}
    Intent: 0
--- !u!114 &114330303849475166
MonoBehaviour:
  m_ObjectHideFlags: 0
  m_CorrespondingSourceObject: {fileID: 0}
  m_PrefabInstance: {fileID: 0}
  m_PrefabAsset: {fileID: 0}
  m_GameObject: {fileID: 0}
  m_Enabled: 1
  m_EditorHideFlags: 0
  m_Script: {fileID: 11500000, guid: 6a1f1dad75490c9458e7ca24e37ae1c3, type: 3}
  m_Name: Root
  m_EditorClassIdentifier: 
  AudioClip: {fileID: 0}
  Key: Assets/Resources/NodeBasedEditor/Level 2/NPC 8b.asset/Root
  DialogueText: 
  OptionAnswers:
  - OptionText: 
    Key: Assets/Resources/NodeBasedEditor/Level 2/NPC 8b.asset/Root_0
    Attribute: {fileID: 0}
    Weight: 0
    TargetDialogue: {fileID: 114193135602868376}
    Conditions:
    - {fileID: 11400000, guid: cab17b45f6ee33940b41f7224a8b11fb, type: 2}
    Actions: []
    Intent: 0
  - OptionText: 
    Key: Assets/Resources/NodeBasedEditor/Level 2/NPC 8b.asset/Root_1
    Attribute: {fileID: 0}
    Weight: 0
    TargetDialogue: {fileID: 114709050717930812}
    Conditions:
    - {fileID: 11400000, guid: 03561fddec121344d88617aab1feadc2, type: 2}
    Actions: []
    Intent: 0
  - OptionText: 
    Key: Assets/Resources/NodeBasedEditor/Level 2/NPC 8b.asset/Root_2
    Attribute: {fileID: 0}
    Weight: 0
    TargetDialogue: {fileID: 114569900730738718}
    Conditions: []
    Actions: []
    Intent: 0
--- !u!114 &114431928373195942
MonoBehaviour:
  m_ObjectHideFlags: 0
  m_CorrespondingSourceObject: {fileID: 0}
  m_PrefabInstance: {fileID: 0}
  m_PrefabAsset: {fileID: 0}
  m_GameObject: {fileID: 0}
  m_Enabled: 1
  m_EditorHideFlags: 0
  m_Script: {fileID: 11500000, guid: 6a1f1dad75490c9458e7ca24e37ae1c3, type: 3}
  m_Name: Dial010
  m_EditorClassIdentifier: 
  AudioClip: {fileID: 0}
  Key: Assets/Resources/NodeBasedEditor/Level 2/NPC 8b.asset/Dial010
  DialogueText: "\u201CHehehe, I thought hunters were supposed to be pretty clever.
    How are you supposed to get through all those nasty thorns? Try again.\u201D"
  OptionAnswers:
  - OptionText: Go back.
    Key: Assets/Resources/NodeBasedEditor/Level 2/NPC 8b.asset/Dial010_0
    Attribute: {fileID: 0}
    Weight: 0
    TargetDialogue: {fileID: 0}
    Conditions: []
    Actions:
    - {fileID: 11400000, guid: 1ce242bc30f35dd47be1806e12c9d409, type: 2}
    Intent: 0
--- !u!114 &114569900730738718
MonoBehaviour:
  m_ObjectHideFlags: 0
  m_CorrespondingSourceObject: {fileID: 0}
  m_PrefabInstance: {fileID: 0}
  m_PrefabAsset: {fileID: 0}
  m_GameObject: {fileID: 0}
  m_Enabled: 1
  m_EditorHideFlags: 0
  m_Script: {fileID: 11500000, guid: 6a1f1dad75490c9458e7ca24e37ae1c3, type: 3}
  m_Name: Dial001
  m_EditorClassIdentifier: 
  AudioClip: {fileID: 0}
  Key: Assets/Resources/NodeBasedEditor/Level 2/NPC 8b.asset/Dial001
  DialogueText: "\u201CHey, you must be the hunter the old man called for. We\u2019ll
    wait here until you\u2019ve taken care of the matter, then we\u2019ll go up there
    and fix the entrance.\u201D"
  OptionAnswers:
  - OptionText: "\u201CHow long have they been here?\u201D"
    Key: Assets/Resources/NodeBasedEditor/Level 2/NPC 8b.asset/Dial001_0
    Attribute: {fileID: 0}
    Weight: 0
    TargetDialogue: {fileID: 114927237898226774}
    Conditions: []
    Actions: []
    Intent: 0
  - OptionText: "Greet them and go, you\u2019ve got work to do."
    Key: Assets/Resources/NodeBasedEditor/Level 2/NPC 8b.asset/Dial001_1
    Attribute: {fileID: 0}
    Weight: 0
    TargetDialogue: {fileID: 114579021415814000}
    Conditions: []
    Actions: []
    Intent: 0
--- !u!114 &114579021415814000
MonoBehaviour:
  m_ObjectHideFlags: 0
  m_CorrespondingSourceObject: {fileID: 0}
  m_PrefabInstance: {fileID: 0}
  m_PrefabAsset: {fileID: 0}
  m_GameObject: {fileID: 0}
  m_Enabled: 1
  m_EditorHideFlags: 0
  m_Script: {fileID: 11500000, guid: 6a1f1dad75490c9458e7ca24e37ae1c3, type: 3}
  m_Name: Dial003
  m_EditorClassIdentifier: 
  AudioClip: {fileID: 0}
  Key: Assets/Resources/NodeBasedEditor/Level 2/NPC 8b.asset/Dial003
  DialogueText: "\u201CBefore you go, how about a riddle to pass the time? Things
    can get dull down here.\u201D\n\u201CYou find yourself at a crossroads. The first
    path leads to a jungle of thorns and poison ivy. The second, to a dark forest
    home to ferocious creatures that haven\u2019t eaten in months. The third, to a
    perilous bog riddled with quicksand.\u201D"
  OptionAnswers:
  - OptionText: "\u201CI think I can solve it.\u201D"
    Key: Assets/Resources/NodeBasedEditor/Level 2/NPC 8b.asset/Dial003_0
    Attribute: {fileID: 0}
    Weight: 0
    TargetDialogue: {fileID: 114760784161003352}
    Conditions: []
    Actions: []
    Intent: 0
  - OptionText: '"I need some time to think about it."'
    Key: Assets/Resources/NodeBasedEditor/Level 2/NPC 8b.asset/Dial003_1
    Attribute: {fileID: 0}
    Weight: 0
    TargetDialogue: {fileID: 114880655628438606}
    Conditions: []
    Actions: []
    Intent: 0
--- !u!114 &114709050717930812
MonoBehaviour:
  m_ObjectHideFlags: 0
  m_CorrespondingSourceObject: {fileID: 0}
  m_PrefabInstance: {fileID: 0}
  m_PrefabAsset: {fileID: 0}
  m_GameObject: {fileID: 0}
  m_Enabled: 1
  m_EditorHideFlags: 0
  m_Script: {fileID: 11500000, guid: 6a1f1dad75490c9458e7ca24e37ae1c3, type: 3}
  m_Name: Dial007
  m_EditorClassIdentifier: 
  AudioClip: {fileID: 0}
  Key: Assets/Resources/NodeBasedEditor/Level 2/NPC 8b.asset/Dial007
  DialogueText: "\u201CYou're back. Did you come up with the answer?\u201D"
  OptionAnswers:
  - OptionText: '"I think I can solve it."'
    Key: Assets/Resources/NodeBasedEditor/Level 2/NPC 8b.asset/Dial007_0
    Attribute: {fileID: 0}
    Weight: 0
    TargetDialogue: {fileID: 114760784161003352}
    Conditions: []
    Actions: []
    Intent: 0
  - OptionText: '"Can you repeat the riddle?"'
    Key: Assets/Resources/NodeBasedEditor/Level 2/NPC 8b.asset/Dial007_1
    Attribute: {fileID: 0}
    Weight: 0
    TargetDialogue: {fileID: 114039808644980204}
    Conditions: []
    Actions: []
    Intent: 0
--- !u!114 &114760784161003352
MonoBehaviour:
  m_ObjectHideFlags: 0
  m_CorrespondingSourceObject: {fileID: 0}
  m_PrefabInstance: {fileID: 0}
  m_PrefabAsset: {fileID: 0}
  m_GameObject: {fileID: 0}
  m_Enabled: 1
  m_EditorHideFlags: 0
  m_Script: {fileID: 11500000, guid: 6a1f1dad75490c9458e7ca24e37ae1c3, type: 3}
  m_Name: Dial004
  m_EditorClassIdentifier: 
  AudioClip: {fileID: 0}
  Key: Assets/Resources/NodeBasedEditor/Level 2/NPC 8b.asset/Dial004
  DialogueText: "\u201CYour answer is\u2026\u201D"
  OptionAnswers:
  - OptionText: "\u201CThe jungle.\u201D"
    Key: Assets/Resources/NodeBasedEditor/Level 2/NPC 8b.asset/Dial004_0
    Attribute: {fileID: 0}
    Weight: 0
    TargetDialogue: {fileID: 114431928373195942}
    Conditions:
    - {fileID: 11400000, guid: 56ff8763420c9574e8c912bf4e7701f4, type: 2}
    Actions:
    - {fileID: 11400000, guid: cf120bafcf276f946a645ac239f7b439, type: 2}
    Intent: 0
  - OptionText: "\u201CThe forest.\u201D"
    Key: Assets/Resources/NodeBasedEditor/Level 2/NPC 8b.asset/Dial004_1
    Attribute: {fileID: 0}
    Weight: 0
    TargetDialogue: {fileID: 114985923820398010}
    Conditions: []
    Actions:
    - {fileID: 11400000, guid: 7c72432702cbef74a964bc5b3afc6694, type: 2}
    Intent: 0
  - OptionText: "\u201CThe bog.\u201D"
    Key: Assets/Resources/NodeBasedEditor/Level 2/NPC 8b.asset/Dial004_2
    Attribute: {fileID: 0}
    Weight: 0
    TargetDialogue: {fileID: 114257897450164118}
    Conditions:
    - {fileID: 11400000, guid: d84dc3559d10b9a498f98729bd3cce12, type: 2}
    Actions:
    - {fileID: 11400000, guid: de5a275b298a8c64b804ba92a40c7f22, type: 2}
    Intent: 0
  - OptionText: "\u201CCan you repeat the riddle?\u201D"
    Key: Assets/Resources/NodeBasedEditor/Level 2/NPC 8b.asset/Dial004_3
    Attribute: {fileID: 0}
    Weight: 0
    TargetDialogue: {fileID: 114039808644980204}
    Conditions: []
    Actions: []
    Intent: 0
  - OptionText: "\u201CI need time to think about it.\u201D"
    Key: Assets/Resources/NodeBasedEditor/Level 2/NPC 8b.asset/Dial004_4
    Attribute: {fileID: 0}
    Weight: 0
    TargetDialogue: {fileID: 114880655628438606}
    Conditions: []
    Actions: []
    Intent: 0
--- !u!114 &114880655628438606
MonoBehaviour:
  m_ObjectHideFlags: 0
  m_CorrespondingSourceObject: {fileID: 0}
  m_PrefabInstance: {fileID: 0}
  m_PrefabAsset: {fileID: 0}
  m_GameObject: {fileID: 0}
  m_Enabled: 1
  m_EditorHideFlags: 0
  m_Script: {fileID: 11500000, guid: 6a1f1dad75490c9458e7ca24e37ae1c3, type: 3}
  m_Name: Dial005
  m_EditorClassIdentifier: 
  AudioClip: {fileID: 0}
  Key: Assets/Resources/NodeBasedEditor/Level 2/NPC 8b.asset/Dial005
  DialogueText: "\u201CHehe, go on, think about it. I'll be right here.\u201D"
  OptionAnswers:
  - OptionText: Go.
    Key: Assets/Resources/NodeBasedEditor/Level 2/NPC 8b.asset/Dial005_0
    Attribute: {fileID: 0}
    Weight: 0
    TargetDialogue: {fileID: 0}
    Conditions: []
    Actions:
    - {fileID: 11400000, guid: 1ce242bc30f35dd47be1806e12c9d409, type: 2}
    Intent: 0
--- !u!114 &114927237898226774
MonoBehaviour:
  m_ObjectHideFlags: 0
  m_CorrespondingSourceObject: {fileID: 0}
  m_PrefabInstance: {fileID: 0}
  m_PrefabAsset: {fileID: 0}
  m_GameObject: {fileID: 0}
  m_Enabled: 1
  m_EditorHideFlags: 0
  m_Script: {fileID: 11500000, guid: 6a1f1dad75490c9458e7ca24e37ae1c3, type: 3}
  m_Name: Dial002
  m_EditorClassIdentifier: 
  AudioClip: {fileID: 0}
  Key: Assets/Resources/NodeBasedEditor/Level 2/NPC 8b.asset/Dial002
  DialogueText: "\u201CTwo days. The old man called for help the moment the beast
    destroyed the entry bridge. Don't worry, we are safe here, and we always keep
    enough supplies to last two months underground.\u201D"
  OptionAnswers:
  - OptionText: "Greet them and go, you\u2019ve got work to do."
    Key: Assets/Resources/NodeBasedEditor/Level 2/NPC 8b.asset/Dial002_0
    Attribute: {fileID: 0}
    Weight: 0
    TargetDialogue: {fileID: 114579021415814000}
    Conditions: []
    Actions: []
    Intent: 0
--- !u!114 &114985923820398010
MonoBehaviour:
  m_ObjectHideFlags: 0
  m_CorrespondingSourceObject: {fileID: 0}
  m_PrefabInstance: {fileID: 0}
  m_PrefabAsset: {fileID: 0}
  m_GameObject: {fileID: 0}
  m_Enabled: 1
  m_EditorHideFlags: 0
  m_Script: {fileID: 11500000, guid: 6a1f1dad75490c9458e7ca24e37ae1c3, type: 3}
  m_Name: Root
  m_EditorClassIdentifier: 
  AudioClip: {fileID: 0}
  Key: Assets/Resources/NodeBasedEditor/Level 2/NPC 8b.asset/Root
  DialogueText: 
  OptionAnswers:
  - OptionText: 
    Key: Assets/Resources/NodeBasedEditor/Level 2/NPC 8b.asset/Root_0
    Attribute: {fileID: 0}
    Weight: 0
    TargetDialogue: {fileID: 114066021081343738}
    Conditions:
    - {fileID: 11400000, guid: d84dc3559d10b9a498f98729bd3cce12, type: 2}
    Actions: []
    Intent: 0
  - OptionText: 
    Key: Assets/Resources/NodeBasedEditor/Level 2/NPC 8b.asset/Root_1
    Attribute: {fileID: 0}
    Weight: 0
    TargetDialogue: {fileID: 114066021081343738}
    Conditions:
    - {fileID: 11400000, guid: 56ff8763420c9574e8c912bf4e7701f4, type: 2}
    Actions: []
    Intent: 0
  - OptionText: 
    Key: Assets/Resources/NodeBasedEditor/Level 2/NPC 8b.asset/Root_2
    Attribute: {fileID: 0}
    Weight: 0
    TargetDialogue: {fileID: 114250236725851696}
    Conditions: []
    Actions: []
    Intent: 0
