%YAML 1.1
%TAG !u! tag:unity3d.com,2011:
--- !u!1 &1877323321666613053
GameObject:
  m_ObjectHideFlags: 0
  m_CorrespondingSourceObject: {fileID: 0}
  m_PrefabInstance: {fileID: 0}
  m_PrefabAsset: {fileID: 0}
  serializedVersion: 6
  m_Component:
  - component: {fileID: 1877323321666613042}
  m_Layer: 10
  m_Name: Walls 8
  m_TagString: Untagged
  m_Icon: {fileID: 0}
  m_NavMeshLayer: 0
  m_StaticEditorFlags: 0
  m_IsActive: 1
--- !u!4 &1877323321666613042
Transform:
  m_ObjectHideFlags: 0
  m_CorrespondingSourceObject: {fileID: 0}
  m_PrefabInstance: {fileID: 0}
  m_PrefabAsset: {fileID: 0}
  m_GameObject: {fileID: 1877323321666613053}
  m_LocalRotation: {x: 0, y: 0, z: 0, w: 1}
  m_LocalPosition: {x: 0, y: 0, z: 0}
  m_LocalScale: {x: 1, y: 1, z: 1}
  m_Children:
  - {fileID: 4799008930018076538}
  - {fileID: 9204144419877468149}
  - {fileID: 4507664636492916507}
  - {fileID: 745983009564658847}
  - {fileID: 3009961010675398871}
  - {fileID: 7006634799973428493}
  - {fileID: 942500705551482673}
  m_Father: {fileID: 0}
  m_RootOrder: 0
  m_LocalEulerAnglesHint: {x: 0, y: 0, z: 0}
--- !u!1001 &623752977748126073
PrefabInstance:
  m_ObjectHideFlags: 0
  serializedVersion: 2
  m_Modification:
    m_TransformParent: {fileID: 1877323321666613042}
    m_Modifications:
    - target: {fileID: 5346200696853319168, guid: bb5bf3bcea87f844a942f11d01152252,
        type: 3}
      propertyPath: m_Name
      value: House_Exterior_Placa2
      objectReference: {fileID: 0}
    - target: {fileID: 5346200696853319170, guid: bb5bf3bcea87f844a942f11d01152252,
        type: 3}
      propertyPath: m_SortingLayerID
      value: 1400100517
      objectReference: {fileID: 0}
    - target: {fileID: 5346200696853319170, guid: bb5bf3bcea87f844a942f11d01152252,
        type: 3}
      propertyPath: m_SortingLayer
      value: -1
      objectReference: {fileID: 0}
    - target: {fileID: 5346200696853319171, guid: bb5bf3bcea87f844a942f11d01152252,
        type: 3}
      propertyPath: m_LocalPosition.x
      value: -4.4108
      objectReference: {fileID: 0}
    - target: {fileID: 5346200696853319171, guid: bb5bf3bcea87f844a942f11d01152252,
        type: 3}
      propertyPath: m_LocalPosition.y
      value: 0.49997044
      objectReference: {fileID: 0}
    - target: {fileID: 5346200696853319171, guid: bb5bf3bcea87f844a942f11d01152252,
        type: 3}
      propertyPath: m_LocalPosition.z
      value: 0
      objectReference: {fileID: 0}
    - target: {fileID: 5346200696853319171, guid: bb5bf3bcea87f844a942f11d01152252,
        type: 3}
      propertyPath: m_LocalRotation.x
      value: -0
      objectReference: {fileID: 0}
    - target: {fileID: 5346200696853319171, guid: bb5bf3bcea87f844a942f11d01152252,
        type: 3}
      propertyPath: m_LocalRotation.y
      value: -0
      objectReference: {fileID: 0}
    - target: {fileID: 5346200696853319171, guid: bb5bf3bcea87f844a942f11d01152252,
        type: 3}
      propertyPath: m_LocalRotation.z
      value: -0
      objectReference: {fileID: 0}
    - target: {fileID: 5346200696853319171, guid: bb5bf3bcea87f844a942f11d01152252,
        type: 3}
      propertyPath: m_LocalRotation.w
      value: 1
      objectReference: {fileID: 0}
    - target: {fileID: 5346200696853319171, guid: bb5bf3bcea87f844a942f11d01152252,
        type: 3}
      propertyPath: m_RootOrder
      value: 0
      objectReference: {fileID: 0}
    - target: {fileID: 5346200696853319171, guid: bb5bf3bcea87f844a942f11d01152252,
        type: 3}
      propertyPath: m_LocalEulerAnglesHint.x
      value: 0
      objectReference: {fileID: 0}
    - target: {fileID: 5346200696853319171, guid: bb5bf3bcea87f844a942f11d01152252,
        type: 3}
      propertyPath: m_LocalEulerAnglesHint.y
      value: 0
      objectReference: {fileID: 0}
    - target: {fileID: 5346200696853319171, guid: bb5bf3bcea87f844a942f11d01152252,
        type: 3}
      propertyPath: m_LocalEulerAnglesHint.z
      value: 0
      objectReference: {fileID: 0}
    m_RemovedComponents: []
  m_SourcePrefab: {fileID: 100100000, guid: bb5bf3bcea87f844a942f11d01152252, type: 3}
--- !u!4 &4799008930018076538 stripped
Transform:
  m_CorrespondingSourceObject: {fileID: 5346200696853319171, guid: bb5bf3bcea87f844a942f11d01152252,
    type: 3}
  m_PrefabInstance: {fileID: 623752977748126073}
  m_PrefabAsset: {fileID: 0}
--- !u!1001 &3102157773164323598
PrefabInstance:
  m_ObjectHideFlags: 0
  serializedVersion: 2
  m_Modification:
    m_TransformParent: {fileID: 1877323321666613042}
    m_Modifications:
    - target: {fileID: 5346200696853319168, guid: bb5bf3bcea87f844a942f11d01152252,
        type: 3}
      propertyPath: m_Name
      value: House_Exterior_Placa2 (5)
      objectReference: {fileID: 0}
    - target: {fileID: 5346200696853319170, guid: bb5bf3bcea87f844a942f11d01152252,
        type: 3}
      propertyPath: m_SortingLayerID
      value: 1400100517
      objectReference: {fileID: 0}
    - target: {fileID: 5346200696853319170, guid: bb5bf3bcea87f844a942f11d01152252,
        type: 3}
      propertyPath: m_SortingLayer
      value: -1
      objectReference: {fileID: 0}
    - target: {fileID: 5346200696853319171, guid: bb5bf3bcea87f844a942f11d01152252,
        type: 3}
      propertyPath: m_LocalPosition.x
      value: 5.1887
      objectReference: {fileID: 0}
    - target: {fileID: 5346200696853319171, guid: bb5bf3bcea87f844a942f11d01152252,
        type: 3}
      propertyPath: m_LocalPosition.y
      value: 0.49997
      objectReference: {fileID: 0}
    - target: {fileID: 5346200696853319171, guid: bb5bf3bcea87f844a942f11d01152252,
        type: 3}
      propertyPath: m_LocalPosition.z
      value: 0
      objectReference: {fileID: 0}
    - target: {fileID: 5346200696853319171, guid: bb5bf3bcea87f844a942f11d01152252,
        type: 3}
      propertyPath: m_LocalRotation.x
      value: -0
      objectReference: {fileID: 0}
    - target: {fileID: 5346200696853319171, guid: bb5bf3bcea87f844a942f11d01152252,
        type: 3}
      propertyPath: m_LocalRotation.y
      value: 1
      objectReference: {fileID: 0}
    - target: {fileID: 5346200696853319171, guid: bb5bf3bcea87f844a942f11d01152252,
        type: 3}
      propertyPath: m_LocalRotation.z
      value: -0
      objectReference: {fileID: 0}
    - target: {fileID: 5346200696853319171, guid: bb5bf3bcea87f844a942f11d01152252,
        type: 3}
      propertyPath: m_LocalRotation.w
      value: 0
      objectReference: {fileID: 0}
    - target: {fileID: 5346200696853319171, guid: bb5bf3bcea87f844a942f11d01152252,
        type: 3}
      propertyPath: m_RootOrder
      value: 5
      objectReference: {fileID: 0}
    - target: {fileID: 5346200696853319171, guid: bb5bf3bcea87f844a942f11d01152252,
        type: 3}
      propertyPath: m_LocalEulerAnglesHint.x
      value: 0
      objectReference: {fileID: 0}
    - target: {fileID: 5346200696853319171, guid: bb5bf3bcea87f844a942f11d01152252,
        type: 3}
      propertyPath: m_LocalEulerAnglesHint.y
      value: 180
      objectReference: {fileID: 0}
    - target: {fileID: 5346200696853319171, guid: bb5bf3bcea87f844a942f11d01152252,
        type: 3}
      propertyPath: m_LocalEulerAnglesHint.z
      value: 0
      objectReference: {fileID: 0}
    m_RemovedComponents: []
  m_SourcePrefab: {fileID: 100100000, guid: bb5bf3bcea87f844a942f11d01152252, type: 3}
--- !u!4 &7006634799973428493 stripped
Transform:
  m_CorrespondingSourceObject: {fileID: 5346200696853319171, guid: bb5bf3bcea87f844a942f11d01152252,
    type: 3}
  m_PrefabInstance: {fileID: 3102157773164323598}
  m_PrefabAsset: {fileID: 0}
--- !u!1001 &3857954995493403126
PrefabInstance:
  m_ObjectHideFlags: 0
  serializedVersion: 2
  m_Modification:
    m_TransformParent: {fileID: 1877323321666613042}
    m_Modifications:
    - target: {fileID: 5346200696853319168, guid: bb5bf3bcea87f844a942f11d01152252,
        type: 3}
      propertyPath: m_Name
      value: House_Exterior_Placa2 (1)
      objectReference: {fileID: 0}
    - target: {fileID: 5346200696853319170, guid: bb5bf3bcea87f844a942f11d01152252,
        type: 3}
      propertyPath: m_SortingLayerID
      value: 1400100517
      objectReference: {fileID: 0}
    - target: {fileID: 5346200696853319170, guid: bb5bf3bcea87f844a942f11d01152252,
        type: 3}
      propertyPath: m_SortingLayer
      value: -1
      objectReference: {fileID: 0}
    - target: {fileID: 5346200696853319171, guid: bb5bf3bcea87f844a942f11d01152252,
        type: 3}
      propertyPath: m_LocalPosition.x
      value: -6.8108
      objectReference: {fileID: 0}
    - target: {fileID: 5346200696853319171, guid: bb5bf3bcea87f844a942f11d01152252,
        type: 3}
      propertyPath: m_LocalPosition.y
      value: 0.49997044
      objectReference: {fileID: 0}
    - target: {fileID: 5346200696853319171, guid: bb5bf3bcea87f844a942f11d01152252,
        type: 3}
      propertyPath: m_LocalPosition.z
      value: 0
      objectReference: {fileID: 0}
    - target: {fileID: 5346200696853319171, guid: bb5bf3bcea87f844a942f11d01152252,
        type: 3}
      propertyPath: m_LocalRotation.x
      value: -0
      objectReference: {fileID: 0}
    - target: {fileID: 5346200696853319171, guid: bb5bf3bcea87f844a942f11d01152252,
        type: 3}
      propertyPath: m_LocalRotation.y
      value: 1
      objectReference: {fileID: 0}
    - target: {fileID: 5346200696853319171, guid: bb5bf3bcea87f844a942f11d01152252,
        type: 3}
      propertyPath: m_LocalRotation.z
      value: -0
      objectReference: {fileID: 0}
    - target: {fileID: 5346200696853319171, guid: bb5bf3bcea87f844a942f11d01152252,
        type: 3}
      propertyPath: m_LocalRotation.w
      value: 0
      objectReference: {fileID: 0}
    - target: {fileID: 5346200696853319171, guid: bb5bf3bcea87f844a942f11d01152252,
        type: 3}
      propertyPath: m_RootOrder
      value: 1
      objectReference: {fileID: 0}
    - target: {fileID: 5346200696853319171, guid: bb5bf3bcea87f844a942f11d01152252,
        type: 3}
      propertyPath: m_LocalEulerAnglesHint.x
      value: 0
      objectReference: {fileID: 0}
    - target: {fileID: 5346200696853319171, guid: bb5bf3bcea87f844a942f11d01152252,
        type: 3}
      propertyPath: m_LocalEulerAnglesHint.y
      value: 180
      objectReference: {fileID: 0}
    - target: {fileID: 5346200696853319171, guid: bb5bf3bcea87f844a942f11d01152252,
        type: 3}
      propertyPath: m_LocalEulerAnglesHint.z
      value: 0
      objectReference: {fileID: 0}
    m_RemovedComponents: []
  m_SourcePrefab: {fileID: 100100000, guid: bb5bf3bcea87f844a942f11d01152252, type: 3}
--- !u!4 &9204144419877468149 stripped
Transform:
  m_CorrespondingSourceObject: {fileID: 5346200696853319171, guid: bb5bf3bcea87f844a942f11d01152252,
    type: 3}
  m_PrefabInstance: {fileID: 3857954995493403126}
  m_PrefabAsset: {fileID: 0}
--- !u!1001 &4642022287744647836
PrefabInstance:
  m_ObjectHideFlags: 0
  serializedVersion: 2
  m_Modification:
    m_TransformParent: {fileID: 1877323321666613042}
    m_Modifications:
    - target: {fileID: 5346200696853319168, guid: bb5bf3bcea87f844a942f11d01152252,
        type: 3}
      propertyPath: m_Name
      value: House_Exterior_Placa2 (3)
      objectReference: {fileID: 0}
    - target: {fileID: 5346200696853319170, guid: bb5bf3bcea87f844a942f11d01152252,
        type: 3}
      propertyPath: m_SortingLayerID
      value: 1400100517
      objectReference: {fileID: 0}
    - target: {fileID: 5346200696853319170, guid: bb5bf3bcea87f844a942f11d01152252,
        type: 3}
      propertyPath: m_SortingLayer
      value: -1
      objectReference: {fileID: 0}
    - target: {fileID: 5346200696853319171, guid: bb5bf3bcea87f844a942f11d01152252,
        type: 3}
      propertyPath: m_LocalPosition.x
      value: 0.38916
      objectReference: {fileID: 0}
    - target: {fileID: 5346200696853319171, guid: bb5bf3bcea87f844a942f11d01152252,
        type: 3}
      propertyPath: m_LocalPosition.y
      value: 0.49997044
      objectReference: {fileID: 0}
    - target: {fileID: 5346200696853319171, guid: bb5bf3bcea87f844a942f11d01152252,
        type: 3}
      propertyPath: m_LocalPosition.z
      value: 0
      objectReference: {fileID: 0}
    - target: {fileID: 5346200696853319171, guid: bb5bf3bcea87f844a942f11d01152252,
        type: 3}
      propertyPath: m_LocalRotation.x
      value: -0
      objectReference: {fileID: 0}
    - target: {fileID: 5346200696853319171, guid: bb5bf3bcea87f844a942f11d01152252,
        type: 3}
      propertyPath: m_LocalRotation.y
      value: 1
      objectReference: {fileID: 0}
    - target: {fileID: 5346200696853319171, guid: bb5bf3bcea87f844a942f11d01152252,
        type: 3}
      propertyPath: m_LocalRotation.z
      value: -0
      objectReference: {fileID: 0}
    - target: {fileID: 5346200696853319171, guid: bb5bf3bcea87f844a942f11d01152252,
        type: 3}
      propertyPath: m_LocalRotation.w
      value: 0
      objectReference: {fileID: 0}
    - target: {fileID: 5346200696853319171, guid: bb5bf3bcea87f844a942f11d01152252,
        type: 3}
      propertyPath: m_RootOrder
      value: 3
      objectReference: {fileID: 0}
    - target: {fileID: 5346200696853319171, guid: bb5bf3bcea87f844a942f11d01152252,
        type: 3}
      propertyPath: m_LocalEulerAnglesHint.x
      value: 0
      objectReference: {fileID: 0}
    - target: {fileID: 5346200696853319171, guid: bb5bf3bcea87f844a942f11d01152252,
        type: 3}
      propertyPath: m_LocalEulerAnglesHint.y
      value: 180
      objectReference: {fileID: 0}
    - target: {fileID: 5346200696853319171, guid: bb5bf3bcea87f844a942f11d01152252,
        type: 3}
      propertyPath: m_LocalEulerAnglesHint.z
      value: 0
      objectReference: {fileID: 0}
    m_RemovedComponents: []
  m_SourcePrefab: {fileID: 100100000, guid: bb5bf3bcea87f844a942f11d01152252, type: 3}
--- !u!4 &745983009564658847 stripped
Transform:
  m_CorrespondingSourceObject: {fileID: 5346200696853319171, guid: bb5bf3bcea87f844a942f11d01152252,
    type: 3}
  m_PrefabInstance: {fileID: 4642022287744647836}
  m_PrefabAsset: {fileID: 0}
--- !u!1001 &5126761383153643826
PrefabInstance:
  m_ObjectHideFlags: 0
  serializedVersion: 2
  m_Modification:
    m_TransformParent: {fileID: 1877323321666613042}
    m_Modifications:
    - target: {fileID: 5346200696853319168, guid: bb5bf3bcea87f844a942f11d01152252,
        type: 3}
      propertyPath: m_Name
      value: House_Exterior_Placa2 (6)
      objectReference: {fileID: 0}
    - target: {fileID: 5346200696853319170, guid: bb5bf3bcea87f844a942f11d01152252,
        type: 3}
      propertyPath: m_SortingLayerID
      value: 1400100517
      objectReference: {fileID: 0}
    - target: {fileID: 5346200696853319170, guid: bb5bf3bcea87f844a942f11d01152252,
        type: 3}
      propertyPath: m_SortingLayer
      value: -1
      objectReference: {fileID: 0}
    - target: {fileID: 5346200696853319171, guid: bb5bf3bcea87f844a942f11d01152252,
        type: 3}
      propertyPath: m_LocalPosition.x
      value: 7.5886993
      objectReference: {fileID: 0}
    - target: {fileID: 5346200696853319171, guid: bb5bf3bcea87f844a942f11d01152252,
        type: 3}
      propertyPath: m_LocalPosition.y
      value: 0.49997044
      objectReference: {fileID: 0}
    - target: {fileID: 5346200696853319171, guid: bb5bf3bcea87f844a942f11d01152252,
        type: 3}
      propertyPath: m_LocalPosition.z
      value: 0
      objectReference: {fileID: 0}
    - target: {fileID: 5346200696853319171, guid: bb5bf3bcea87f844a942f11d01152252,
        type: 3}
      propertyPath: m_LocalRotation.x
      value: -0
      objectReference: {fileID: 0}
    - target: {fileID: 5346200696853319171, guid: bb5bf3bcea87f844a942f11d01152252,
        type: 3}
      propertyPath: m_LocalRotation.y
      value: -0
      objectReference: {fileID: 0}
    - target: {fileID: 5346200696853319171, guid: bb5bf3bcea87f844a942f11d01152252,
        type: 3}
      propertyPath: m_LocalRotation.z
      value: -0
      objectReference: {fileID: 0}
    - target: {fileID: 5346200696853319171, guid: bb5bf3bcea87f844a942f11d01152252,
        type: 3}
      propertyPath: m_LocalRotation.w
      value: 1
      objectReference: {fileID: 0}
    - target: {fileID: 5346200696853319171, guid: bb5bf3bcea87f844a942f11d01152252,
        type: 3}
      propertyPath: m_RootOrder
      value: 6
      objectReference: {fileID: 0}
    - target: {fileID: 5346200696853319171, guid: bb5bf3bcea87f844a942f11d01152252,
        type: 3}
      propertyPath: m_LocalEulerAnglesHint.x
      value: 0
      objectReference: {fileID: 0}
    - target: {fileID: 5346200696853319171, guid: bb5bf3bcea87f844a942f11d01152252,
        type: 3}
      propertyPath: m_LocalEulerAnglesHint.y
      value: 0
      objectReference: {fileID: 0}
    - target: {fileID: 5346200696853319171, guid: bb5bf3bcea87f844a942f11d01152252,
        type: 3}
      propertyPath: m_LocalEulerAnglesHint.z
      value: 0
      objectReference: {fileID: 0}
    m_RemovedComponents: []
  m_SourcePrefab: {fileID: 100100000, guid: bb5bf3bcea87f844a942f11d01152252, type: 3}
--- !u!4 &942500705551482673 stripped
Transform:
  m_CorrespondingSourceObject: {fileID: 5346200696853319171, guid: bb5bf3bcea87f844a942f11d01152252,
    type: 3}
  m_PrefabInstance: {fileID: 5126761383153643826}
  m_PrefabAsset: {fileID: 0}
--- !u!1001 &7202384599500355284
PrefabInstance:
  m_ObjectHideFlags: 0
  serializedVersion: 2
  m_Modification:
    m_TransformParent: {fileID: 1877323321666613042}
    m_Modifications:
    - target: {fileID: 5346200696853319168, guid: bb5bf3bcea87f844a942f11d01152252,
        type: 3}
      propertyPath: m_Name
      value: House_Exterior_Placa2 (4)
      objectReference: {fileID: 0}
    - target: {fileID: 5346200696853319170, guid: bb5bf3bcea87f844a942f11d01152252,
        type: 3}
      propertyPath: m_SortingLayerID
      value: 1400100517
      objectReference: {fileID: 0}
    - target: {fileID: 5346200696853319170, guid: bb5bf3bcea87f844a942f11d01152252,
        type: 3}
      propertyPath: m_SortingLayer
      value: -1
      objectReference: {fileID: 0}
    - target: {fileID: 5346200696853319171, guid: bb5bf3bcea87f844a942f11d01152252,
        type: 3}
      propertyPath: m_LocalPosition.x
      value: 2.7891636
      objectReference: {fileID: 0}
    - target: {fileID: 5346200696853319171, guid: bb5bf3bcea87f844a942f11d01152252,
        type: 3}
      propertyPath: m_LocalPosition.y
      value: 0.49997044
      objectReference: {fileID: 0}
    - target: {fileID: 5346200696853319171, guid: bb5bf3bcea87f844a942f11d01152252,
        type: 3}
      propertyPath: m_LocalPosition.z
      value: 0
      objectReference: {fileID: 0}
    - target: {fileID: 5346200696853319171, guid: bb5bf3bcea87f844a942f11d01152252,
        type: 3}
      propertyPath: m_LocalRotation.x
      value: -0
      objectReference: {fileID: 0}
    - target: {fileID: 5346200696853319171, guid: bb5bf3bcea87f844a942f11d01152252,
        type: 3}
      propertyPath: m_LocalRotation.y
      value: -0
      objectReference: {fileID: 0}
    - target: {fileID: 5346200696853319171, guid: bb5bf3bcea87f844a942f11d01152252,
        type: 3}
      propertyPath: m_LocalRotation.z
      value: -0
      objectReference: {fileID: 0}
    - target: {fileID: 5346200696853319171, guid: bb5bf3bcea87f844a942f11d01152252,
        type: 3}
      propertyPath: m_LocalRotation.w
      value: 1
      objectReference: {fileID: 0}
    - target: {fileID: 5346200696853319171, guid: bb5bf3bcea87f844a942f11d01152252,
        type: 3}
      propertyPath: m_RootOrder
      value: 4
      objectReference: {fileID: 0}
    - target: {fileID: 5346200696853319171, guid: bb5bf3bcea87f844a942f11d01152252,
        type: 3}
      propertyPath: m_LocalEulerAnglesHint.x
      value: 0
      objectReference: {fileID: 0}
    - target: {fileID: 5346200696853319171, guid: bb5bf3bcea87f844a942f11d01152252,
        type: 3}
      propertyPath: m_LocalEulerAnglesHint.y
      value: 0
      objectReference: {fileID: 0}
    - target: {fileID: 5346200696853319171, guid: bb5bf3bcea87f844a942f11d01152252,
        type: 3}
      propertyPath: m_LocalEulerAnglesHint.z
      value: 0
      objectReference: {fileID: 0}
    m_RemovedComponents: []
  m_SourcePrefab: {fileID: 100100000, guid: bb5bf3bcea87f844a942f11d01152252, type: 3}
--- !u!4 &3009961010675398871 stripped
Transform:
  m_CorrespondingSourceObject: {fileID: 5346200696853319171, guid: bb5bf3bcea87f844a942f11d01152252,
    type: 3}
  m_PrefabInstance: {fileID: 7202384599500355284}
  m_PrefabAsset: {fileID: 0}
--- !u!1001 &8412711115563428120
PrefabInstance:
  m_ObjectHideFlags: 0
  serializedVersion: 2
  m_Modification:
    m_TransformParent: {fileID: 1877323321666613042}
    m_Modifications:
    - target: {fileID: 5346200696853319168, guid: bb5bf3bcea87f844a942f11d01152252,
        type: 3}
      propertyPath: m_Name
      value: House_Exterior_Placa2 (2)
      objectReference: {fileID: 0}
    - target: {fileID: 5346200696853319170, guid: bb5bf3bcea87f844a942f11d01152252,
        type: 3}
      propertyPath: m_SortingLayerID
      value: 1400100517
      objectReference: {fileID: 0}
    - target: {fileID: 5346200696853319170, guid: bb5bf3bcea87f844a942f11d01152252,
        type: 3}
      propertyPath: m_SortingLayer
      value: -1
      objectReference: {fileID: 0}
    - target: {fileID: 5346200696853319171, guid: bb5bf3bcea87f844a942f11d01152252,
        type: 3}
      propertyPath: m_LocalPosition.x
      value: -2.0108356
      objectReference: {fileID: 0}
    - target: {fileID: 5346200696853319171, guid: bb5bf3bcea87f844a942f11d01152252,
        type: 3}
      propertyPath: m_LocalPosition.y
      value: 0.49997044
      objectReference: {fileID: 0}
    - target: {fileID: 5346200696853319171, guid: bb5bf3bcea87f844a942f11d01152252,
        type: 3}
      propertyPath: m_LocalPosition.z
      value: 0
      objectReference: {fileID: 0}
    - target: {fileID: 5346200696853319171, guid: bb5bf3bcea87f844a942f11d01152252,
        type: 3}
      propertyPath: m_LocalRotation.x
      value: -0
      objectReference: {fileID: 0}
    - target: {fileID: 5346200696853319171, guid: bb5bf3bcea87f844a942f11d01152252,
        type: 3}
      propertyPath: m_LocalRotation.y
      value: -0
      objectReference: {fileID: 0}
    - target: {fileID: 5346200696853319171, guid: bb5bf3bcea87f844a942f11d01152252,
        type: 3}
      propertyPath: m_LocalRotation.z
      value: -0
      objectReference: {fileID: 0}
    - target: {fileID: 5346200696853319171, guid: bb5bf3bcea87f844a942f11d01152252,
        type: 3}
      propertyPath: m_LocalRotation.w
      value: 1
      objectReference: {fileID: 0}
    - target: {fileID: 5346200696853319171, guid: bb5bf3bcea87f844a942f11d01152252,
        type: 3}
      propertyPath: m_RootOrder
      value: 2
      objectReference: {fileID: 0}
    - target: {fileID: 5346200696853319171, guid: bb5bf3bcea87f844a942f11d01152252,
        type: 3}
      propertyPath: m_LocalEulerAnglesHint.x
      value: 0
      objectReference: {fileID: 0}
    - target: {fileID: 5346200696853319171, guid: bb5bf3bcea87f844a942f11d01152252,
        type: 3}
      propertyPath: m_LocalEulerAnglesHint.y
      value: 0
      objectReference: {fileID: 0}
    - target: {fileID: 5346200696853319171, guid: bb5bf3bcea87f844a942f11d01152252,
        type: 3}
      propertyPath: m_LocalEulerAnglesHint.z
      value: 0
      objectReference: {fileID: 0}
    m_RemovedComponents: []
  m_SourcePrefab: {fileID: 100100000, guid: bb5bf3bcea87f844a942f11d01152252, type: 3}
--- !u!4 &4507664636492916507 stripped
Transform:
  m_CorrespondingSourceObject: {fileID: 5346200696853319171, guid: bb5bf3bcea87f844a942f11d01152252,
    type: 3}
  m_PrefabInstance: {fileID: 8412711115563428120}
  m_PrefabAsset: {fileID: 0}
