%YAML 1.1
%TAG !u! tag:unity3d.com,2011:
--- !u!1 &4384107892358758723
GameObject:
  m_ObjectHideFlags: 0
  m_CorrespondingSourceObject: {fileID: 0}
  m_PrefabInstance: {fileID: 0}
  m_PrefabAsset: {fileID: 0}
  serializedVersion: 6
  m_Component:
  - component: {fileID: 3205803122815516727}
  m_Layer: 0
  m_Name: Walls 4
  m_TagString: Untagged
  m_Icon: {fileID: 0}
  m_NavMeshLayer: 0
  m_StaticEditorFlags: 0
  m_IsActive: 1
--- !u!4 &3205803122815516727
Transform:
  m_ObjectHideFlags: 0
  m_CorrespondingSourceObject: {fileID: 0}
  m_PrefabInstance: {fileID: 0}
  m_PrefabAsset: {fileID: 0}
  m_GameObject: {fileID: 4384107892358758723}
  m_LocalRotation: {x: 0, y: 0, z: 0, w: 1}
  m_LocalPosition: {x: 0, y: 0, z: 0}
  m_LocalScale: {x: 1, y: 1, z: 1}
  m_Children:
  - {fileID: 3849601301944882965}
  - {fileID: 5285697066436841661}
  - {fileID: 5769302391106009384}
  m_Father: {fileID: 0}
  m_RootOrder: 0
  m_LocalEulerAnglesHint: {x: 0, y: 0, z: 0}
--- !u!1001 &3165050968263808395
PrefabInstance:
  m_ObjectHideFlags: 0
  serializedVersion: 2
  m_Modification:
    m_TransformParent: {fileID: 3205803122815516727}
    m_Modifications:
    - target: {fileID: 2197759825726702237, guid: 1aeb72b572e2e4f438af57ed47587815,
        type: 3}
      propertyPath: m_Name
      value: House_Exterior_Placa1 (1)
      objectReference: {fileID: 0}
    - target: {fileID: 2197759825726702238, guid: 1aeb72b572e2e4f438af57ed47587815,
        type: 3}
      propertyPath: m_LocalPosition.x
      value: -6.1124
      objectReference: {fileID: 0}
    - target: {fileID: 2197759825726702238, guid: 1aeb72b572e2e4f438af57ed47587815,
        type: 3}
      propertyPath: m_LocalPosition.y
      value: -2.5909
      objectReference: {fileID: 0}
    - target: {fileID: 2197759825726702238, guid: 1aeb72b572e2e4f438af57ed47587815,
        type: 3}
      propertyPath: m_LocalPosition.z
      value: 41.237
      objectReference: {fileID: 0}
    - target: {fileID: 2197759825726702238, guid: 1aeb72b572e2e4f438af57ed47587815,
        type: 3}
      propertyPath: m_LocalRotation.x
      value: -0
      objectReference: {fileID: 0}
    - target: {fileID: 2197759825726702238, guid: 1aeb72b572e2e4f438af57ed47587815,
        type: 3}
      propertyPath: m_LocalRotation.y
      value: -0
      objectReference: {fileID: 0}
    - target: {fileID: 2197759825726702238, guid: 1aeb72b572e2e4f438af57ed47587815,
        type: 3}
      propertyPath: m_LocalRotation.z
      value: -0
      objectReference: {fileID: 0}
    - target: {fileID: 2197759825726702238, guid: 1aeb72b572e2e4f438af57ed47587815,
        type: 3}
      propertyPath: m_LocalRotation.w
      value: 1
      objectReference: {fileID: 0}
    - target: {fileID: 2197759825726702238, guid: 1aeb72b572e2e4f438af57ed47587815,
        type: 3}
      propertyPath: m_RootOrder
      value: 0
      objectReference: {fileID: 0}
    - target: {fileID: 2197759825726702238, guid: 1aeb72b572e2e4f438af57ed47587815,
        type: 3}
      propertyPath: m_LocalEulerAnglesHint.x
      value: 0
      objectReference: {fileID: 0}
    - target: {fileID: 2197759825726702238, guid: 1aeb72b572e2e4f438af57ed47587815,
        type: 3}
      propertyPath: m_LocalEulerAnglesHint.y
      value: 0
      objectReference: {fileID: 0}
    - target: {fileID: 2197759825726702238, guid: 1aeb72b572e2e4f438af57ed47587815,
        type: 3}
      propertyPath: m_LocalEulerAnglesHint.z
      value: 0
      objectReference: {fileID: 0}
    m_RemovedComponents: []
  m_SourcePrefab: {fileID: 100100000, guid: 1aeb72b572e2e4f438af57ed47587815, type: 3}
--- !u!4 &3849601301944882965 stripped
Transform:
  m_CorrespondingSourceObject: {fileID: 2197759825726702238, guid: 1aeb72b572e2e4f438af57ed47587815,
    type: 3}
  m_PrefabInstance: {fileID: 3165050968263808395}
  m_PrefabAsset: {fileID: 0}
--- !u!1001 &5866479632092315026
PrefabInstance:
  m_ObjectHideFlags: 0
  serializedVersion: 2
  m_Modification:
    m_TransformParent: {fileID: 3205803122815516727}
    m_Modifications:
    - target: {fileID: 1743875326014385452, guid: 6f0e743abc347db44a24d10a8866bc71,
        type: 3}
      propertyPath: m_Name
      value: House_Exterior_Placa1 copia (1)
      objectReference: {fileID: 0}
    - target: {fileID: 1743875326014385455, guid: 6f0e743abc347db44a24d10a8866bc71,
        type: 3}
      propertyPath: m_LocalPosition.x
      value: -8.5124
      objectReference: {fileID: 0}
    - target: {fileID: 1743875326014385455, guid: 6f0e743abc347db44a24d10a8866bc71,
        type: 3}
      propertyPath: m_LocalPosition.y
      value: -2.5909
      objectReference: {fileID: 0}
    - target: {fileID: 1743875326014385455, guid: 6f0e743abc347db44a24d10a8866bc71,
        type: 3}
      propertyPath: m_LocalPosition.z
      value: 41.237
      objectReference: {fileID: 0}
    - target: {fileID: 1743875326014385455, guid: 6f0e743abc347db44a24d10a8866bc71,
        type: 3}
      propertyPath: m_LocalRotation.x
      value: -0
      objectReference: {fileID: 0}
    - target: {fileID: 1743875326014385455, guid: 6f0e743abc347db44a24d10a8866bc71,
        type: 3}
      propertyPath: m_LocalRotation.y
      value: -0
      objectReference: {fileID: 0}
    - target: {fileID: 1743875326014385455, guid: 6f0e743abc347db44a24d10a8866bc71,
        type: 3}
      propertyPath: m_LocalRotation.z
      value: -0
      objectReference: {fileID: 0}
    - target: {fileID: 1743875326014385455, guid: 6f0e743abc347db44a24d10a8866bc71,
        type: 3}
      propertyPath: m_LocalRotation.w
      value: 1
      objectReference: {fileID: 0}
    - target: {fileID: 1743875326014385455, guid: 6f0e743abc347db44a24d10a8866bc71,
        type: 3}
      propertyPath: m_RootOrder
      value: 1
      objectReference: {fileID: 0}
    - target: {fileID: 1743875326014385455, guid: 6f0e743abc347db44a24d10a8866bc71,
        type: 3}
      propertyPath: m_LocalEulerAnglesHint.x
      value: 0
      objectReference: {fileID: 0}
    - target: {fileID: 1743875326014385455, guid: 6f0e743abc347db44a24d10a8866bc71,
        type: 3}
      propertyPath: m_LocalEulerAnglesHint.y
      value: 0
      objectReference: {fileID: 0}
    - target: {fileID: 1743875326014385455, guid: 6f0e743abc347db44a24d10a8866bc71,
        type: 3}
      propertyPath: m_LocalEulerAnglesHint.z
      value: 0
      objectReference: {fileID: 0}
    m_RemovedComponents: []
  m_SourcePrefab: {fileID: 100100000, guid: 6f0e743abc347db44a24d10a8866bc71, type: 3}
--- !u!4 &5285697066436841661 stripped
Transform:
  m_CorrespondingSourceObject: {fileID: 1743875326014385455, guid: 6f0e743abc347db44a24d10a8866bc71,
    type: 3}
  m_PrefabInstance: {fileID: 5866479632092315026}
  m_PrefabAsset: {fileID: 0}
--- !u!1001 &8639834469668334166
PrefabInstance:
  m_ObjectHideFlags: 0
  serializedVersion: 2
  m_Modification:
    m_TransformParent: {fileID: 3205803122815516727}
    m_Modifications:
    - target: {fileID: 2879619138612810622, guid: b1f7afff28d611f46b815982b6c42357,
        type: 3}
      propertyPath: m_LocalPosition.x
      value: -3.7124
      objectReference: {fileID: 0}
    - target: {fileID: 2879619138612810622, guid: b1f7afff28d611f46b815982b6c42357,
        type: 3}
      propertyPath: m_LocalPosition.y
      value: -2.5911
      objectReference: {fileID: 0}
    - target: {fileID: 2879619138612810622, guid: b1f7afff28d611f46b815982b6c42357,
        type: 3}
      propertyPath: m_LocalPosition.z
      value: 41.237
      objectReference: {fileID: 0}
    - target: {fileID: 2879619138612810622, guid: b1f7afff28d611f46b815982b6c42357,
        type: 3}
      propertyPath: m_LocalRotation.x
      value: -0
      objectReference: {fileID: 0}
    - target: {fileID: 2879619138612810622, guid: b1f7afff28d611f46b815982b6c42357,
        type: 3}
      propertyPath: m_LocalRotation.y
      value: -0
      objectReference: {fileID: 0}
    - target: {fileID: 2879619138612810622, guid: b1f7afff28d611f46b815982b6c42357,
        type: 3}
      propertyPath: m_LocalRotation.z
      value: -0
      objectReference: {fileID: 0}
    - target: {fileID: 2879619138612810622, guid: b1f7afff28d611f46b815982b6c42357,
        type: 3}
      propertyPath: m_LocalRotation.w
      value: 1
      objectReference: {fileID: 0}
    - target: {fileID: 2879619138612810622, guid: b1f7afff28d611f46b815982b6c42357,
        type: 3}
      propertyPath: m_RootOrder
      value: 2
      objectReference: {fileID: 0}
    - target: {fileID: 2879619138612810622, guid: b1f7afff28d611f46b815982b6c42357,
        type: 3}
      propertyPath: m_LocalEulerAnglesHint.x
      value: 0
      objectReference: {fileID: 0}
    - target: {fileID: 2879619138612810622, guid: b1f7afff28d611f46b815982b6c42357,
        type: 3}
      propertyPath: m_LocalEulerAnglesHint.y
      value: 0
      objectReference: {fileID: 0}
    - target: {fileID: 2879619138612810622, guid: b1f7afff28d611f46b815982b6c42357,
        type: 3}
      propertyPath: m_LocalEulerAnglesHint.z
      value: 0
      objectReference: {fileID: 0}
    - target: {fileID: 2879619138612810622, guid: b1f7afff28d611f46b815982b6c42357,
        type: 3}
      propertyPath: m_LocalScale.y
      value: 1.002
      objectReference: {fileID: 0}
    - target: {fileID: 2879619138612810623, guid: b1f7afff28d611f46b815982b6c42357,
        type: 3}
      propertyPath: m_Name
      value: House_Exterior_Persiona
      objectReference: {fileID: 0}
    m_RemovedComponents: []
  m_SourcePrefab: {fileID: 100100000, guid: b1f7afff28d611f46b815982b6c42357, type: 3}
--- !u!4 &5769302391106009384 stripped
Transform:
  m_CorrespondingSourceObject: {fileID: 2879619138612810622, guid: b1f7afff28d611f46b815982b6c42357,
    type: 3}
  m_PrefabInstance: {fileID: 8639834469668334166}
  m_PrefabAsset: {fileID: 0}
