%YAML 1.1
%TAG !u! tag:unity3d.com,2011:
--- !u!1 &2373748750264299889
GameObject:
  m_ObjectHideFlags: 0
  m_CorrespondingSourceObject: {fileID: 0}
  m_PrefabInstance: {fileID: 0}
  m_PrefabAsset: {fileID: 0}
  serializedVersion: 6
  m_Component:
  - component: {fileID: 5479453094365288543}
  m_Layer: 10
  m_Name: Walls 10
  m_TagString: Untagged
  m_Icon: {fileID: 0}
  m_NavMeshLayer: 0
  m_StaticEditorFlags: 0
  m_IsActive: 1
--- !u!4 &5479453094365288543
Transform:
  m_ObjectHideFlags: 0
  m_CorrespondingSourceObject: {fileID: 0}
  m_PrefabInstance: {fileID: 0}
  m_PrefabAsset: {fileID: 0}
  m_GameObject: {fileID: 2373748750264299889}
  m_LocalRotation: {x: 0, y: 0, z: 0, w: 1}
  m_LocalPosition: {x: 0, y: 0, z: 0}
  m_LocalScale: {x: 1, y: 1, z: 1}
  m_Children:
  - {fileID: 5608217026590846242}
  - {fileID: 4629717268814744557}
  - {fileID: 138637595536387062}
  m_Father: {fileID: 0}
  m_RootOrder: 0
  m_LocalEulerAnglesHint: {x: 0, y: 0, z: 0}
--- !u!1001 &309053256875684149
PrefabInstance:
  m_ObjectHideFlags: 0
  serializedVersion: 2
  m_Modification:
    m_TransformParent: {fileID: 5479453094365288543}
    m_Modifications:
    - target: {fileID: 4902719183314320088, guid: 4364d1db6bd800e46a2c4d1fb68a9423,
        type: 3}
      propertyPath: m_LocalPosition.x
      value: 19.69
      objectReference: {fileID: 0}
    - target: {fileID: 4902719183314320088, guid: 4364d1db6bd800e46a2c4d1fb68a9423,
        type: 3}
      propertyPath: m_LocalPosition.y
      value: 0.0032014847
      objectReference: {fileID: 0}
    - target: {fileID: 4902719183314320088, guid: 4364d1db6bd800e46a2c4d1fb68a9423,
        type: 3}
      propertyPath: m_LocalPosition.z
      value: -0.19909
      objectReference: {fileID: 0}
    - target: {fileID: 4902719183314320088, guid: 4364d1db6bd800e46a2c4d1fb68a9423,
        type: 3}
      propertyPath: m_LocalRotation.x
      value: -0
      objectReference: {fileID: 0}
    - target: {fileID: 4902719183314320088, guid: 4364d1db6bd800e46a2c4d1fb68a9423,
        type: 3}
      propertyPath: m_LocalRotation.y
      value: -0
      objectReference: {fileID: 0}
    - target: {fileID: 4902719183314320088, guid: 4364d1db6bd800e46a2c4d1fb68a9423,
        type: 3}
      propertyPath: m_LocalRotation.z
      value: -0
      objectReference: {fileID: 0}
    - target: {fileID: 4902719183314320088, guid: 4364d1db6bd800e46a2c4d1fb68a9423,
        type: 3}
      propertyPath: m_LocalRotation.w
      value: 1
      objectReference: {fileID: 0}
    - target: {fileID: 4902719183314320088, guid: 4364d1db6bd800e46a2c4d1fb68a9423,
        type: 3}
      propertyPath: m_RootOrder
      value: 1
      objectReference: {fileID: 0}
    - target: {fileID: 4902719183314320088, guid: 4364d1db6bd800e46a2c4d1fb68a9423,
        type: 3}
      propertyPath: m_LocalEulerAnglesHint.x
      value: 0
      objectReference: {fileID: 0}
    - target: {fileID: 4902719183314320088, guid: 4364d1db6bd800e46a2c4d1fb68a9423,
        type: 3}
      propertyPath: m_LocalEulerAnglesHint.y
      value: 0
      objectReference: {fileID: 0}
    - target: {fileID: 4902719183314320088, guid: 4364d1db6bd800e46a2c4d1fb68a9423,
        type: 3}
      propertyPath: m_LocalEulerAnglesHint.z
      value: 0
      objectReference: {fileID: 0}
    - target: {fileID: 4902719183314320089, guid: 4364d1db6bd800e46a2c4d1fb68a9423,
        type: 3}
      propertyPath: m_SortingLayerID
      value: 1400100517
      objectReference: {fileID: 0}
    - target: {fileID: 4902719183314320089, guid: 4364d1db6bd800e46a2c4d1fb68a9423,
        type: 3}
      propertyPath: m_SortingLayer
      value: -1
      objectReference: {fileID: 0}
    - target: {fileID: 4902719183314320091, guid: 4364d1db6bd800e46a2c4d1fb68a9423,
        type: 3}
      propertyPath: m_Name
      value: House_Exterior_Placa1 (2)
      objectReference: {fileID: 0}
    - target: {fileID: 4902719183314320091, guid: 4364d1db6bd800e46a2c4d1fb68a9423,
        type: 3}
      propertyPath: m_Layer
      value: 10
      objectReference: {fileID: 0}
    m_RemovedComponents: []
  m_SourcePrefab: {fileID: 100100000, guid: 4364d1db6bd800e46a2c4d1fb68a9423, type: 3}
--- !u!4 &4629717268814744557 stripped
Transform:
  m_CorrespondingSourceObject: {fileID: 4902719183314320088, guid: 4364d1db6bd800e46a2c4d1fb68a9423,
    type: 3}
  m_PrefabInstance: {fileID: 309053256875684149}
  m_PrefabAsset: {fileID: 0}
--- !u!1001 &309053257248602414
PrefabInstance:
  m_ObjectHideFlags: 0
  serializedVersion: 2
  m_Modification:
    m_TransformParent: {fileID: 5479453094365288543}
    m_Modifications:
    - target: {fileID: 5304565126748460044, guid: f1c35298f8e2dbe449ebbb50ef7b1071,
        type: 3}
      propertyPath: m_LocalPosition.x
      value: 17.29
      objectReference: {fileID: 0}
    - target: {fileID: 5304565126748460044, guid: f1c35298f8e2dbe449ebbb50ef7b1071,
        type: 3}
      propertyPath: m_LocalPosition.y
      value: 0.0032010078
      objectReference: {fileID: 0}
    - target: {fileID: 5304565126748460044, guid: f1c35298f8e2dbe449ebbb50ef7b1071,
        type: 3}
      propertyPath: m_LocalPosition.z
      value: -0.19909
      objectReference: {fileID: 0}
    - target: {fileID: 5304565126748460044, guid: f1c35298f8e2dbe449ebbb50ef7b1071,
        type: 3}
      propertyPath: m_LocalRotation.x
      value: -0
      objectReference: {fileID: 0}
    - target: {fileID: 5304565126748460044, guid: f1c35298f8e2dbe449ebbb50ef7b1071,
        type: 3}
      propertyPath: m_LocalRotation.y
      value: -0
      objectReference: {fileID: 0}
    - target: {fileID: 5304565126748460044, guid: f1c35298f8e2dbe449ebbb50ef7b1071,
        type: 3}
      propertyPath: m_LocalRotation.z
      value: -0
      objectReference: {fileID: 0}
    - target: {fileID: 5304565126748460044, guid: f1c35298f8e2dbe449ebbb50ef7b1071,
        type: 3}
      propertyPath: m_LocalRotation.w
      value: 1
      objectReference: {fileID: 0}
    - target: {fileID: 5304565126748460044, guid: f1c35298f8e2dbe449ebbb50ef7b1071,
        type: 3}
      propertyPath: m_RootOrder
      value: 0
      objectReference: {fileID: 0}
    - target: {fileID: 5304565126748460044, guid: f1c35298f8e2dbe449ebbb50ef7b1071,
        type: 3}
      propertyPath: m_LocalEulerAnglesHint.x
      value: 0
      objectReference: {fileID: 0}
    - target: {fileID: 5304565126748460044, guid: f1c35298f8e2dbe449ebbb50ef7b1071,
        type: 3}
      propertyPath: m_LocalEulerAnglesHint.y
      value: 0
      objectReference: {fileID: 0}
    - target: {fileID: 5304565126748460044, guid: f1c35298f8e2dbe449ebbb50ef7b1071,
        type: 3}
      propertyPath: m_LocalEulerAnglesHint.z
      value: 0
      objectReference: {fileID: 0}
    - target: {fileID: 5304565126748460045, guid: f1c35298f8e2dbe449ebbb50ef7b1071,
        type: 3}
      propertyPath: m_SortingLayerID
      value: 1400100517
      objectReference: {fileID: 0}
    - target: {fileID: 5304565126748460045, guid: f1c35298f8e2dbe449ebbb50ef7b1071,
        type: 3}
      propertyPath: m_SortingLayer
      value: -1
      objectReference: {fileID: 0}
    - target: {fileID: 5304565126748460047, guid: f1c35298f8e2dbe449ebbb50ef7b1071,
        type: 3}
      propertyPath: m_Name
      value: House_Exterior_Placa1 copia (2)
      objectReference: {fileID: 0}
    - target: {fileID: 5304565126748460047, guid: f1c35298f8e2dbe449ebbb50ef7b1071,
        type: 3}
      propertyPath: m_Layer
      value: 10
      objectReference: {fileID: 0}
    m_RemovedComponents: []
  m_SourcePrefab: {fileID: 100100000, guid: f1c35298f8e2dbe449ebbb50ef7b1071, type: 3}
--- !u!4 &5608217026590846242 stripped
Transform:
  m_CorrespondingSourceObject: {fileID: 5304565126748460044, guid: f1c35298f8e2dbe449ebbb50ef7b1071,
    type: 3}
  m_PrefabInstance: {fileID: 309053257248602414}
  m_PrefabAsset: {fileID: 0}
--- !u!1001 &5036571634639868206
PrefabInstance:
  m_ObjectHideFlags: 0
  serializedVersion: 2
  m_Modification:
    m_TransformParent: {fileID: 5479453094365288543}
    m_Modifications:
    - target: {fileID: 4902719183314320088, guid: 4364d1db6bd800e46a2c4d1fb68a9423,
        type: 3}
      propertyPath: m_LocalPosition.x
      value: 14.89
      objectReference: {fileID: 0}
    - target: {fileID: 4902719183314320088, guid: 4364d1db6bd800e46a2c4d1fb68a9423,
        type: 3}
      propertyPath: m_LocalPosition.y
      value: 0.003200531
      objectReference: {fileID: 0}
    - target: {fileID: 4902719183314320088, guid: 4364d1db6bd800e46a2c4d1fb68a9423,
        type: 3}
      propertyPath: m_LocalPosition.z
      value: -0.19909
      objectReference: {fileID: 0}
    - target: {fileID: 4902719183314320088, guid: 4364d1db6bd800e46a2c4d1fb68a9423,
        type: 3}
      propertyPath: m_LocalRotation.x
      value: -0
      objectReference: {fileID: 0}
    - target: {fileID: 4902719183314320088, guid: 4364d1db6bd800e46a2c4d1fb68a9423,
        type: 3}
      propertyPath: m_LocalRotation.y
      value: -0
      objectReference: {fileID: 0}
    - target: {fileID: 4902719183314320088, guid: 4364d1db6bd800e46a2c4d1fb68a9423,
        type: 3}
      propertyPath: m_LocalRotation.z
      value: -0
      objectReference: {fileID: 0}
    - target: {fileID: 4902719183314320088, guid: 4364d1db6bd800e46a2c4d1fb68a9423,
        type: 3}
      propertyPath: m_LocalRotation.w
      value: 1
      objectReference: {fileID: 0}
    - target: {fileID: 4902719183314320088, guid: 4364d1db6bd800e46a2c4d1fb68a9423,
        type: 3}
      propertyPath: m_RootOrder
      value: 2
      objectReference: {fileID: 0}
    - target: {fileID: 4902719183314320088, guid: 4364d1db6bd800e46a2c4d1fb68a9423,
        type: 3}
      propertyPath: m_LocalEulerAnglesHint.x
      value: 0
      objectReference: {fileID: 0}
    - target: {fileID: 4902719183314320088, guid: 4364d1db6bd800e46a2c4d1fb68a9423,
        type: 3}
      propertyPath: m_LocalEulerAnglesHint.y
      value: 0
      objectReference: {fileID: 0}
    - target: {fileID: 4902719183314320088, guid: 4364d1db6bd800e46a2c4d1fb68a9423,
        type: 3}
      propertyPath: m_LocalEulerAnglesHint.z
      value: 0
      objectReference: {fileID: 0}
    - target: {fileID: 4902719183314320089, guid: 4364d1db6bd800e46a2c4d1fb68a9423,
        type: 3}
      propertyPath: m_SortingLayerID
      value: 1400100517
      objectReference: {fileID: 0}
    - target: {fileID: 4902719183314320089, guid: 4364d1db6bd800e46a2c4d1fb68a9423,
        type: 3}
      propertyPath: m_SortingLayer
      value: -1
      objectReference: {fileID: 0}
    - target: {fileID: 4902719183314320091, guid: 4364d1db6bd800e46a2c4d1fb68a9423,
        type: 3}
      propertyPath: m_Name
      value: House_Exterior_Placa1 (3)
      objectReference: {fileID: 0}
    - target: {fileID: 4902719183314320091, guid: 4364d1db6bd800e46a2c4d1fb68a9423,
        type: 3}
      propertyPath: m_Layer
      value: 10
      objectReference: {fileID: 0}
    m_RemovedComponents: []
  m_SourcePrefab: {fileID: 100100000, guid: 4364d1db6bd800e46a2c4d1fb68a9423, type: 3}
--- !u!4 &138637595536387062 stripped
Transform:
  m_CorrespondingSourceObject: {fileID: 4902719183314320088, guid: 4364d1db6bd800e46a2c4d1fb68a9423,
    type: 3}
  m_PrefabInstance: {fileID: 5036571634639868206}
  m_PrefabAsset: {fileID: 0}
