%YAML 1.1
%TAG !u! tag:unity3d.com,2011:
--- !u!1 &154316018100876439
GameObject:
  m_ObjectHideFlags: 0
  m_CorrespondingSourceObject: {fileID: 0}
  m_PrefabInstance: {fileID: 0}
  m_PrefabAsset: {fileID: 0}
  serializedVersion: 6
  m_Component:
  - component: {fileID: 550484000710325009}
  m_Layer: 0
  m_Name: Scenery
  m_TagString: Untagged
  m_Icon: {fileID: 0}
  m_NavMeshLayer: 0
  m_StaticEditorFlags: 0
  m_IsActive: 1
--- !u!4 &550484000710325009
Transform:
  m_ObjectHideFlags: 0
  m_CorrespondingSourceObject: {fileID: 0}
  m_PrefabInstance: {fileID: 0}
  m_PrefabAsset: {fileID: 0}
  m_GameObject: {fileID: 154316018100876439}
  m_LocalRotation: {x: 0, y: 0, z: 0, w: 1}
  m_LocalPosition: {x: 0, y: 0, z: 0}
  m_LocalScale: {x: 1, y: 1, z: 1}
  m_Children:
  - {fileID: 7957529589291905028}
  - {fileID: 7957529590661315572}
  - {fileID: 7957529590615418095}
  - {fileID: 5847958409599051147}
  - {fileID: 2055944257488816041}
  - {fileID: 2055944256258263493}
  - {fileID: 1509273508410363241}
  - {fileID: 1509273507962779334}
  - {fileID: 1509273507544946899}
  - {fileID: 8015894577483308235}
  - {fileID: 8015894575812825140}
  - {fileID: 8015894577685148756}
  m_Father: {fileID: 5320276048244330850}
  m_RootOrder: 0
  m_LocalEulerAnglesHint: {x: 0, y: 0, z: 0}
--- !u!1 &5320276048244330849
GameObject:
  m_ObjectHideFlags: 0
  m_CorrespondingSourceObject: {fileID: 0}
  m_PrefabInstance: {fileID: 0}
  m_PrefabAsset: {fileID: 0}
  serializedVersion: 6
  m_Component:
  - component: {fileID: 5320276048244330850}
  m_Layer: 0
  m_Name: Platform Segment 1
  m_TagString: Untagged
  m_Icon: {fileID: 0}
  m_NavMeshLayer: 0
  m_StaticEditorFlags: 0
  m_IsActive: 1
--- !u!4 &5320276048244330850
Transform:
  m_ObjectHideFlags: 0
  m_CorrespondingSourceObject: {fileID: 0}
  m_PrefabInstance: {fileID: 0}
  m_PrefabAsset: {fileID: 0}
  m_GameObject: {fileID: 5320276048244330849}
  m_LocalRotation: {x: 0, y: 0, z: 0, w: 1}
  m_LocalPosition: {x: 32.68, y: 17.72, z: 0}
  m_LocalScale: {x: 1, y: 1, z: 1}
  m_Children:
  - {fileID: 550484000710325009}
  - {fileID: 5350214026696172745}
  - {fileID: 4301574306988949155}
  m_Father: {fileID: 0}
  m_RootOrder: 0
  m_LocalEulerAnglesHint: {x: 0, y: 0, z: 0}
--- !u!1001 &884700766872924003
PrefabInstance:
  m_ObjectHideFlags: 0
  serializedVersion: 2
  m_Modification:
    m_TransformParent: {fileID: 5320276048244330850}
    m_Modifications:
    - target: {fileID: 4032223197313896896, guid: 8a56246aef1e6ab4ebbe0c98389dac22,
        type: 3}
      propertyPath: m_LocalPosition.x
      value: 48.326996
      objectReference: {fileID: 0}
    - target: {fileID: 4032223197313896896, guid: 8a56246aef1e6ab4ebbe0c98389dac22,
        type: 3}
      propertyPath: m_LocalPosition.y
      value: -7.010002
      objectReference: {fileID: 0}
    - target: {fileID: 4032223197313896896, guid: 8a56246aef1e6ab4ebbe0c98389dac22,
        type: 3}
      propertyPath: m_LocalPosition.z
      value: 0
      objectReference: {fileID: 0}
    - target: {fileID: 4032223197313896896, guid: 8a56246aef1e6ab4ebbe0c98389dac22,
        type: 3}
      propertyPath: m_LocalRotation.x
      value: -0
      objectReference: {fileID: 0}
    - target: {fileID: 4032223197313896896, guid: 8a56246aef1e6ab4ebbe0c98389dac22,
        type: 3}
      propertyPath: m_LocalRotation.y
      value: -0
      objectReference: {fileID: 0}
    - target: {fileID: 4032223197313896896, guid: 8a56246aef1e6ab4ebbe0c98389dac22,
        type: 3}
      propertyPath: m_LocalRotation.z
      value: 0.7071068
      objectReference: {fileID: 0}
    - target: {fileID: 4032223197313896896, guid: 8a56246aef1e6ab4ebbe0c98389dac22,
        type: 3}
      propertyPath: m_LocalRotation.w
      value: 0.7071068
      objectReference: {fileID: 0}
    - target: {fileID: 4032223197313896896, guid: 8a56246aef1e6ab4ebbe0c98389dac22,
        type: 3}
      propertyPath: m_RootOrder
      value: 2
      objectReference: {fileID: 0}
    - target: {fileID: 4032223197313896896, guid: 8a56246aef1e6ab4ebbe0c98389dac22,
        type: 3}
      propertyPath: m_LocalEulerAnglesHint.x
      value: 0
      objectReference: {fileID: 0}
    - target: {fileID: 4032223197313896896, guid: 8a56246aef1e6ab4ebbe0c98389dac22,
        type: 3}
      propertyPath: m_LocalEulerAnglesHint.y
      value: 0
      objectReference: {fileID: 0}
    - target: {fileID: 4032223197313896896, guid: 8a56246aef1e6ab4ebbe0c98389dac22,
        type: 3}
      propertyPath: m_LocalEulerAnglesHint.z
      value: 90
      objectReference: {fileID: 0}
    - target: {fileID: 4536057574787279286, guid: 8a56246aef1e6ab4ebbe0c98389dac22,
        type: 3}
      propertyPath: m_Name
      value: House_Wall
      objectReference: {fileID: 0}
    - target: {fileID: 4706803621577197327, guid: 8a56246aef1e6ab4ebbe0c98389dac22,
        type: 3}
      propertyPath: m_Spline.m_ControlPoints.Array.size
      value: 4
      objectReference: {fileID: 0}
    - target: {fileID: 4706803621577197327, guid: 8a56246aef1e6ab4ebbe0c98389dac22,
        type: 3}
      propertyPath: m_Spline.m_ControlPoints.Array.data[1].position.x
      value: -50
      objectReference: {fileID: 0}
    - target: {fileID: 4706803621577197327, guid: 8a56246aef1e6ab4ebbe0c98389dac22,
        type: 3}
      propertyPath: m_Spline.m_ControlPoints.Array.data[1].position.y
      value: 0
      objectReference: {fileID: 0}
    - target: {fileID: 4706803621577197327, guid: 8a56246aef1e6ab4ebbe0c98389dac22,
        type: 3}
      propertyPath: m_Spline.m_ControlPoints.Array.data[1].spriteIndex
      value: 0
      objectReference: {fileID: 0}
    - target: {fileID: 4706803621577197327, guid: 8a56246aef1e6ab4ebbe0c98389dac22,
        type: 3}
      propertyPath: m_Spline.m_ControlPoints.Array.data[1].corner
      value: 1
      objectReference: {fileID: 0}
    - target: {fileID: 4706803621577197327, guid: 8a56246aef1e6ab4ebbe0c98389dac22,
        type: 3}
      propertyPath: m_Spline.m_ControlPoints.Array.data[2].position.x
      value: 3.4411168
      objectReference: {fileID: 0}
    - target: {fileID: 4706803621577197327, guid: 8a56246aef1e6ab4ebbe0c98389dac22,
        type: 3}
      propertyPath: m_Spline.m_ControlPoints.Array.data[2].height
      value: 1
      objectReference: {fileID: 0}
    - target: {fileID: 4706803621577197327, guid: 8a56246aef1e6ab4ebbe0c98389dac22,
        type: 3}
      propertyPath: m_Spline.m_ControlPoints.Array.data[0].position.x
      value: -50.4
      objectReference: {fileID: 0}
    - target: {fileID: 4706803621577197327, guid: 8a56246aef1e6ab4ebbe0c98389dac22,
        type: 3}
      propertyPath: m_Spline.m_ControlPoints.Array.data[0].spriteIndex
      value: 1
      objectReference: {fileID: 0}
    - target: {fileID: 4706803621577197327, guid: 8a56246aef1e6ab4ebbe0c98389dac22,
        type: 3}
      propertyPath: m_Spline.m_ControlPoints.Array.data[2].position.y
      value: -0.00000047683716
      objectReference: {fileID: 0}
    - target: {fileID: 4706803621577197327, guid: 8a56246aef1e6ab4ebbe0c98389dac22,
        type: 3}
      propertyPath: m_Spline.m_ControlPoints.Array.data[2].spriteIndex
      value: 2
      objectReference: {fileID: 0}
    - target: {fileID: 4706803621577197327, guid: 8a56246aef1e6ab4ebbe0c98389dac22,
        type: 3}
      propertyPath: m_Spline.m_ControlPoints.Array.data[2].corner
      value: 1
      objectReference: {fileID: 0}
    - target: {fileID: 4706803621577197327, guid: 8a56246aef1e6ab4ebbe0c98389dac22,
        type: 3}
      propertyPath: m_Spline.m_ControlPoints.Array.data[3].position.x
      value: 3.91
      objectReference: {fileID: 0}
    - target: {fileID: 4706803621577197327, guid: 8a56246aef1e6ab4ebbe0c98389dac22,
        type: 3}
      propertyPath: m_Spline.m_ControlPoints.Array.data[3].height
      value: 1
      objectReference: {fileID: 0}
    - target: {fileID: 5091772634636806785, guid: 8a56246aef1e6ab4ebbe0c98389dac22,
        type: 3}
      propertyPath: m_SortingLayerID
      value: 1583110309
      objectReference: {fileID: 0}
    - target: {fileID: 5091772634636806785, guid: 8a56246aef1e6ab4ebbe0c98389dac22,
        type: 3}
      propertyPath: m_SortingLayer
      value: -17
      objectReference: {fileID: 0}
    - target: {fileID: 5091772634636806785, guid: 8a56246aef1e6ab4ebbe0c98389dac22,
        type: 3}
      propertyPath: m_LocalAABB.m_Center.x
      value: -23.245
      objectReference: {fileID: 0}
    - target: {fileID: 5091772634636806785, guid: 8a56246aef1e6ab4ebbe0c98389dac22,
        type: 3}
      propertyPath: m_LocalAABB.m_Extent.x
      value: 27.155
      objectReference: {fileID: 0}
    - target: {fileID: 5091772634636806785, guid: 8a56246aef1e6ab4ebbe0c98389dac22,
        type: 3}
      propertyPath: m_LocalAABB.m_Center.y
      value: -0.00000023841858
      objectReference: {fileID: 0}
    - target: {fileID: 5091772634636806785, guid: 8a56246aef1e6ab4ebbe0c98389dac22,
        type: 3}
      propertyPath: m_LocalAABB.m_Center.z
      value: -0.0050049997
      objectReference: {fileID: 0}
    - target: {fileID: 5091772634636806785, guid: 8a56246aef1e6ab4ebbe0c98389dac22,
        type: 3}
      propertyPath: m_LocalAABB.m_Extent.y
      value: 0.7200002
      objectReference: {fileID: 0}
    - target: {fileID: 5091772634636806785, guid: 8a56246aef1e6ab4ebbe0c98389dac22,
        type: 3}
      propertyPath: m_LocalAABB.m_Extent.z
      value: 0.0050049997
      objectReference: {fileID: 0}
    - target: {fileID: 5324260832863365211, guid: 8a56246aef1e6ab4ebbe0c98389dac22,
        type: 3}
      propertyPath: m_Offset.x
      value: -23.240736
      objectReference: {fileID: 0}
    - target: {fileID: 5324260832863365211, guid: 8a56246aef1e6ab4ebbe0c98389dac22,
        type: 3}
      propertyPath: m_Size.x
      value: 54.313946
      objectReference: {fileID: 0}
    m_RemovedComponents: []
  m_SourcePrefab: {fileID: 100100000, guid: 8a56246aef1e6ab4ebbe0c98389dac22, type: 3}
--- !u!4 &4301574306988949155 stripped
Transform:
  m_CorrespondingSourceObject: {fileID: 4032223197313896896, guid: 8a56246aef1e6ab4ebbe0c98389dac22,
    type: 3}
  m_PrefabInstance: {fileID: 884700766872924003}
  m_PrefabAsset: {fileID: 0}
--- !u!1001 &5320276047316418747
PrefabInstance:
  m_ObjectHideFlags: 0
  serializedVersion: 2
  m_Modification:
    m_TransformParent: {fileID: 550484000710325009}
    m_Modifications:
    - target: {fileID: 389662841261606705, guid: de191516a84a36944a4ed90d7d5c34bc,
        type: 3}
      propertyPath: m_SpriteShape
      value: 
      objectReference: {fileID: 11400000, guid: 9a56a4a2fdce1984d9208e9fc89db39e,
        type: 2}
    - target: {fileID: 2955500772190186183, guid: de191516a84a36944a4ed90d7d5c34bc,
        type: 3}
      propertyPath: m_Offset.y
      value: 0.36
      objectReference: {fileID: 0}
    - target: {fileID: 2991525485192806876, guid: de191516a84a36944a4ed90d7d5c34bc,
        type: 3}
      propertyPath: m_SortingLayerID
      value: 267990515
      objectReference: {fileID: 0}
    - target: {fileID: 2991525485192806876, guid: de191516a84a36944a4ed90d7d5c34bc,
        type: 3}
      propertyPath: m_SortingLayer
      value: -18
      objectReference: {fileID: 0}
    - target: {fileID: 2991525485192806876, guid: de191516a84a36944a4ed90d7d5c34bc,
        type: 3}
      propertyPath: m_Sprites.Array.data[0]
      value: 
      objectReference: {fileID: 21300000, guid: 77381094990aa433d9ffc1beeda07546,
        type: 3}
    - target: {fileID: 2991525485192806876, guid: de191516a84a36944a4ed90d7d5c34bc,
        type: 3}
      propertyPath: m_LocalAABB.m_Center.y
      value: 0
      objectReference: {fileID: 0}
    - target: {fileID: 2991525485192806876, guid: de191516a84a36944a4ed90d7d5c34bc,
        type: 3}
      propertyPath: m_LocalAABB.m_Extent.y
      value: 0.385
      objectReference: {fileID: 0}
    - target: {fileID: 3955251997369362430, guid: de191516a84a36944a4ed90d7d5c34bc,
        type: 3}
      propertyPath: m_Name
      value: WoodMovingPlatform (1)
      objectReference: {fileID: 0}
    - target: {fileID: 4060748865385246322, guid: de191516a84a36944a4ed90d7d5c34bc,
        type: 3}
      propertyPath: waypoints.Array.data[1].y
      value: 7
      objectReference: {fileID: 0}
    - target: {fileID: 4060748865385246322, guid: de191516a84a36944a4ed90d7d5c34bc,
        type: 3}
      propertyPath: speed
      value: 0.4
      objectReference: {fileID: 0}
    - target: {fileID: 6151148017016097150, guid: de191516a84a36944a4ed90d7d5c34bc,
        type: 3}
      propertyPath: m_LocalPosition.x
      value: 33.54
      objectReference: {fileID: 0}
    - target: {fileID: 6151148017016097150, guid: de191516a84a36944a4ed90d7d5c34bc,
        type: 3}
      propertyPath: m_LocalPosition.y
      value: 5.41
      objectReference: {fileID: 0}
    - target: {fileID: 6151148017016097150, guid: de191516a84a36944a4ed90d7d5c34bc,
        type: 3}
      propertyPath: m_LocalPosition.z
      value: 0
      objectReference: {fileID: 0}
    - target: {fileID: 6151148017016097150, guid: de191516a84a36944a4ed90d7d5c34bc,
        type: 3}
      propertyPath: m_LocalRotation.x
      value: -0
      objectReference: {fileID: 0}
    - target: {fileID: 6151148017016097150, guid: de191516a84a36944a4ed90d7d5c34bc,
        type: 3}
      propertyPath: m_LocalRotation.y
      value: -0
      objectReference: {fileID: 0}
    - target: {fileID: 6151148017016097150, guid: de191516a84a36944a4ed90d7d5c34bc,
        type: 3}
      propertyPath: m_LocalRotation.z
      value: -0
      objectReference: {fileID: 0}
    - target: {fileID: 6151148017016097150, guid: de191516a84a36944a4ed90d7d5c34bc,
        type: 3}
      propertyPath: m_LocalRotation.w
      value: 1
      objectReference: {fileID: 0}
    - target: {fileID: 6151148017016097150, guid: de191516a84a36944a4ed90d7d5c34bc,
        type: 3}
      propertyPath: m_RootOrder
      value: 5
      objectReference: {fileID: 0}
    - target: {fileID: 6151148017016097150, guid: de191516a84a36944a4ed90d7d5c34bc,
        type: 3}
      propertyPath: m_LocalEulerAnglesHint.x
      value: 0
      objectReference: {fileID: 0}
    - target: {fileID: 6151148017016097150, guid: de191516a84a36944a4ed90d7d5c34bc,
        type: 3}
      propertyPath: m_LocalEulerAnglesHint.y
      value: 0
      objectReference: {fileID: 0}
    - target: {fileID: 6151148017016097150, guid: de191516a84a36944a4ed90d7d5c34bc,
        type: 3}
      propertyPath: m_LocalEulerAnglesHint.z
      value: 0
      objectReference: {fileID: 0}
    m_RemovedComponents: []
  m_SourcePrefab: {fileID: 100100000, guid: de191516a84a36944a4ed90d7d5c34bc, type: 3}
--- !u!4 &2055944256258263493 stripped
Transform:
  m_CorrespondingSourceObject: {fileID: 6151148017016097150, guid: de191516a84a36944a4ed90d7d5c34bc,
    type: 3}
  m_PrefabInstance: {fileID: 5320276047316418747}
  m_PrefabAsset: {fileID: 0}
--- !u!1001 &5320276047340160613
PrefabInstance:
  m_ObjectHideFlags: 0
  serializedVersion: 2
  m_Modification:
    m_TransformParent: {fileID: 550484000710325009}
    m_Modifications:
    - target: {fileID: 3410391731091161958, guid: 19a311e2f7ad7ff4197a5dd574e6daa2,
        type: 3}
      propertyPath: m_SortingLayerID
      value: 1583110309
      objectReference: {fileID: 0}
    - target: {fileID: 3410391731091161958, guid: 19a311e2f7ad7ff4197a5dd574e6daa2,
        type: 3}
      propertyPath: m_SortingLayer
      value: -17
      objectReference: {fileID: 0}
    - target: {fileID: 4510859249880964643, guid: 19a311e2f7ad7ff4197a5dd574e6daa2,
        type: 3}
      propertyPath: m_Name
      value: WoodBrokenPlatform (1)
      objectReference: {fileID: 0}
    - target: {fileID: 6712455415100977315, guid: 19a311e2f7ad7ff4197a5dd574e6daa2,
        type: 3}
      propertyPath: m_LocalPosition.x
      value: 13.619999
      objectReference: {fileID: 0}
    - target: {fileID: 6712455415100977315, guid: 19a311e2f7ad7ff4197a5dd574e6daa2,
        type: 3}
      propertyPath: m_LocalPosition.y
      value: 13.988192
      objectReference: {fileID: 0}
    - target: {fileID: 6712455415100977315, guid: 19a311e2f7ad7ff4197a5dd574e6daa2,
        type: 3}
      propertyPath: m_LocalPosition.z
      value: 0
      objectReference: {fileID: 0}
    - target: {fileID: 6712455415100977315, guid: 19a311e2f7ad7ff4197a5dd574e6daa2,
        type: 3}
      propertyPath: m_LocalRotation.x
      value: -0
      objectReference: {fileID: 0}
    - target: {fileID: 6712455415100977315, guid: 19a311e2f7ad7ff4197a5dd574e6daa2,
        type: 3}
      propertyPath: m_LocalRotation.y
      value: -0
      objectReference: {fileID: 0}
    - target: {fileID: 6712455415100977315, guid: 19a311e2f7ad7ff4197a5dd574e6daa2,
        type: 3}
      propertyPath: m_LocalRotation.z
      value: -0
      objectReference: {fileID: 0}
    - target: {fileID: 6712455415100977315, guid: 19a311e2f7ad7ff4197a5dd574e6daa2,
        type: 3}
      propertyPath: m_LocalRotation.w
      value: 1
      objectReference: {fileID: 0}
    - target: {fileID: 6712455415100977315, guid: 19a311e2f7ad7ff4197a5dd574e6daa2,
        type: 3}
      propertyPath: m_RootOrder
      value: 7
      objectReference: {fileID: 0}
    - target: {fileID: 6712455415100977315, guid: 19a311e2f7ad7ff4197a5dd574e6daa2,
        type: 3}
      propertyPath: m_LocalEulerAnglesHint.x
      value: 0
      objectReference: {fileID: 0}
    - target: {fileID: 6712455415100977315, guid: 19a311e2f7ad7ff4197a5dd574e6daa2,
        type: 3}
      propertyPath: m_LocalEulerAnglesHint.y
      value: 0
      objectReference: {fileID: 0}
    - target: {fileID: 6712455415100977315, guid: 19a311e2f7ad7ff4197a5dd574e6daa2,
        type: 3}
      propertyPath: m_LocalEulerAnglesHint.z
      value: 0
      objectReference: {fileID: 0}
    m_RemovedComponents: []
  m_SourcePrefab: {fileID: 100100000, guid: 19a311e2f7ad7ff4197a5dd574e6daa2, type: 3}
--- !u!4 &1509273507962779334 stripped
Transform:
  m_CorrespondingSourceObject: {fileID: 6712455415100977315, guid: 19a311e2f7ad7ff4197a5dd574e6daa2,
    type: 3}
  m_PrefabInstance: {fileID: 5320276047340160613}
  m_PrefabAsset: {fileID: 0}
--- !u!1001 &5320276047544312163
PrefabInstance:
  m_ObjectHideFlags: 0
  serializedVersion: 2
  m_Modification:
    m_TransformParent: {fileID: 550484000710325009}
    m_Modifications:
    - target: {fileID: 1800724962257732840, guid: 4fdfdf9ab892d2140a1600d3c9a2d192,
        type: 3}
      propertyPath: m_LocalPosition.x
      value: 24.460186
      objectReference: {fileID: 0}
    - target: {fileID: 1800724962257732840, guid: 4fdfdf9ab892d2140a1600d3c9a2d192,
        type: 3}
      propertyPath: m_LocalPosition.y
      value: 14.818193
      objectReference: {fileID: 0}
    - target: {fileID: 1800724962257732840, guid: 4fdfdf9ab892d2140a1600d3c9a2d192,
        type: 3}
      propertyPath: m_LocalPosition.z
      value: 0
      objectReference: {fileID: 0}
    - target: {fileID: 1800724962257732840, guid: 4fdfdf9ab892d2140a1600d3c9a2d192,
        type: 3}
      propertyPath: m_LocalRotation.x
      value: -0
      objectReference: {fileID: 0}
    - target: {fileID: 1800724962257732840, guid: 4fdfdf9ab892d2140a1600d3c9a2d192,
        type: 3}
      propertyPath: m_LocalRotation.y
      value: -0
      objectReference: {fileID: 0}
    - target: {fileID: 1800724962257732840, guid: 4fdfdf9ab892d2140a1600d3c9a2d192,
        type: 3}
      propertyPath: m_LocalRotation.z
      value: -0
      objectReference: {fileID: 0}
    - target: {fileID: 1800724962257732840, guid: 4fdfdf9ab892d2140a1600d3c9a2d192,
        type: 3}
      propertyPath: m_LocalRotation.w
      value: 1
      objectReference: {fileID: 0}
    - target: {fileID: 1800724962257732840, guid: 4fdfdf9ab892d2140a1600d3c9a2d192,
        type: 3}
      propertyPath: m_RootOrder
      value: 3
      objectReference: {fileID: 0}
    - target: {fileID: 1800724962257732840, guid: 4fdfdf9ab892d2140a1600d3c9a2d192,
        type: 3}
      propertyPath: m_LocalEulerAnglesHint.x
      value: 0
      objectReference: {fileID: 0}
    - target: {fileID: 1800724962257732840, guid: 4fdfdf9ab892d2140a1600d3c9a2d192,
        type: 3}
      propertyPath: m_LocalEulerAnglesHint.y
      value: 0
      objectReference: {fileID: 0}
    - target: {fileID: 1800724962257732840, guid: 4fdfdf9ab892d2140a1600d3c9a2d192,
        type: 3}
      propertyPath: m_LocalEulerAnglesHint.z
      value: 0
      objectReference: {fileID: 0}
    - target: {fileID: 5244561690704186023, guid: 4fdfdf9ab892d2140a1600d3c9a2d192,
        type: 3}
      propertyPath: m_SpriteShape
      value: 
      objectReference: {fileID: 11400000, guid: 9a56a4a2fdce1984d9208e9fc89db39e,
        type: 2}
    - target: {fileID: 7215956052295601226, guid: 4fdfdf9ab892d2140a1600d3c9a2d192,
        type: 3}
      propertyPath: m_SortingLayerID
      value: 267990515
      objectReference: {fileID: 0}
    - target: {fileID: 7215956052295601226, guid: 4fdfdf9ab892d2140a1600d3c9a2d192,
        type: 3}
      propertyPath: m_SortingLayer
      value: -18
      objectReference: {fileID: 0}
    - target: {fileID: 7215956052295601226, guid: 4fdfdf9ab892d2140a1600d3c9a2d192,
        type: 3}
      propertyPath: m_Sprites.Array.data[0]
      value: 
      objectReference: {fileID: 21300000, guid: 77381094990aa433d9ffc1beeda07546,
        type: 3}
    - target: {fileID: 7215956052295601226, guid: 4fdfdf9ab892d2140a1600d3c9a2d192,
        type: 3}
      propertyPath: m_LocalAABB.m_Center.y
      value: 0
      objectReference: {fileID: 0}
    - target: {fileID: 7215956052295601226, guid: 4fdfdf9ab892d2140a1600d3c9a2d192,
        type: 3}
      propertyPath: m_LocalAABB.m_Extent.y
      value: 0.385
      objectReference: {fileID: 0}
    - target: {fileID: 7251988452211894097, guid: 4fdfdf9ab892d2140a1600d3c9a2d192,
        type: 3}
      propertyPath: m_Offset.y
      value: 0.36
      objectReference: {fileID: 0}
    - target: {fileID: 8882173668877150824, guid: 4fdfdf9ab892d2140a1600d3c9a2d192,
        type: 3}
      propertyPath: m_Name
      value: WoodPlatform
      objectReference: {fileID: 0}
    m_RemovedComponents: []
  m_SourcePrefab: {fileID: 100100000, guid: 4fdfdf9ab892d2140a1600d3c9a2d192, type: 3}
--- !u!4 &5847958409599051147 stripped
Transform:
  m_CorrespondingSourceObject: {fileID: 1800724962257732840, guid: 4fdfdf9ab892d2140a1600d3c9a2d192,
    type: 3}
  m_PrefabInstance: {fileID: 5320276047544312163}
  m_PrefabAsset: {fileID: 0}
--- !u!1001 &5320276047620407097
PrefabInstance:
  m_ObjectHideFlags: 0
  serializedVersion: 2
  m_Modification:
    m_TransformParent: {fileID: 550484000710325009}
    m_Modifications:
    - target: {fileID: 2804413555068317453, guid: be924620a5097b744b39b294a815b1a4,
        type: 3}
      propertyPath: m_LocalPosition.x
      value: 33.189995
      objectReference: {fileID: 0}
    - target: {fileID: 2804413555068317453, guid: be924620a5097b744b39b294a815b1a4,
        type: 3}
      propertyPath: m_LocalPosition.y
      value: 1.2399998
      objectReference: {fileID: 0}
    - target: {fileID: 2804413555068317453, guid: be924620a5097b744b39b294a815b1a4,
        type: 3}
      propertyPath: m_LocalPosition.z
      value: 0
      objectReference: {fileID: 0}
    - target: {fileID: 2804413555068317453, guid: be924620a5097b744b39b294a815b1a4,
        type: 3}
      propertyPath: m_LocalRotation.x
      value: -0
      objectReference: {fileID: 0}
    - target: {fileID: 2804413555068317453, guid: be924620a5097b744b39b294a815b1a4,
        type: 3}
      propertyPath: m_LocalRotation.y
      value: -0
      objectReference: {fileID: 0}
    - target: {fileID: 2804413555068317453, guid: be924620a5097b744b39b294a815b1a4,
        type: 3}
      propertyPath: m_LocalRotation.z
      value: -0
      objectReference: {fileID: 0}
    - target: {fileID: 2804413555068317453, guid: be924620a5097b744b39b294a815b1a4,
        type: 3}
      propertyPath: m_LocalRotation.w
      value: 1
      objectReference: {fileID: 0}
    - target: {fileID: 2804413555068317453, guid: be924620a5097b744b39b294a815b1a4,
        type: 3}
      propertyPath: m_RootOrder
      value: 10
      objectReference: {fileID: 0}
    - target: {fileID: 2804413555068317453, guid: be924620a5097b744b39b294a815b1a4,
        type: 3}
      propertyPath: m_LocalEulerAnglesHint.x
      value: 0
      objectReference: {fileID: 0}
    - target: {fileID: 2804413555068317453, guid: be924620a5097b744b39b294a815b1a4,
        type: 3}
      propertyPath: m_LocalEulerAnglesHint.y
      value: 0
      objectReference: {fileID: 0}
    - target: {fileID: 2804413555068317453, guid: be924620a5097b744b39b294a815b1a4,
        type: 3}
      propertyPath: m_LocalEulerAnglesHint.z
      value: 0
      objectReference: {fileID: 0}
    - target: {fileID: 4015382417222306741, guid: be924620a5097b744b39b294a815b1a4,
        type: 3}
      propertyPath: m_Spline.m_ControlPoints.Array.data[0].position.x
      value: -4.5
      objectReference: {fileID: 0}
    - target: {fileID: 4015382417222306741, guid: be924620a5097b744b39b294a815b1a4,
        type: 3}
      propertyPath: m_Spline.m_ControlPoints.Array.data[1].position.x
      value: 4
      objectReference: {fileID: 0}
    - target: {fileID: 4363395455141372539, guid: be924620a5097b744b39b294a815b1a4,
        type: 3}
      propertyPath: m_Points.Array.data[0].x
      value: -4.5
      objectReference: {fileID: 0}
    - target: {fileID: 4363395455141372539, guid: be924620a5097b744b39b294a815b1a4,
        type: 3}
      propertyPath: m_Points.Array.data[1].x
      value: 3.8917036
      objectReference: {fileID: 0}
    - target: {fileID: 4363395455141372539, guid: be924620a5097b744b39b294a815b1a4,
        type: 3}
      propertyPath: m_Points.Array.data[2].x
      value: 4
      objectReference: {fileID: 0}
    - target: {fileID: 4451478761687496272, guid: be924620a5097b744b39b294a815b1a4,
        type: 3}
      propertyPath: m_LocalAABB.m_Center.x
      value: -0.25
      objectReference: {fileID: 0}
    - target: {fileID: 4451478761687496272, guid: be924620a5097b744b39b294a815b1a4,
        type: 3}
      propertyPath: m_LocalAABB.m_Extent.x
      value: 4.25
      objectReference: {fileID: 0}
    - target: {fileID: 9172549624621121904, guid: be924620a5097b744b39b294a815b1a4,
        type: 3}
      propertyPath: m_Name
      value: Spikes_Exterior (1)
      objectReference: {fileID: 0}
    m_RemovedComponents: []
  m_SourcePrefab: {fileID: 100100000, guid: be924620a5097b744b39b294a815b1a4, type: 3}
--- !u!4 &8015894575812825140 stripped
Transform:
  m_CorrespondingSourceObject: {fileID: 2804413555068317453, guid: be924620a5097b744b39b294a815b1a4,
    type: 3}
  m_PrefabInstance: {fileID: 5320276047620407097}
  m_PrefabAsset: {fileID: 0}
--- !u!1001 &5320276047831809482
PrefabInstance:
  m_ObjectHideFlags: 0
  serializedVersion: 2
  m_Modification:
    m_TransformParent: {fileID: 550484000710325009}
    m_Modifications:
    - target: {fileID: 3410391731091161958, guid: 19a311e2f7ad7ff4197a5dd574e6daa2,
        type: 3}
      propertyPath: m_SortingLayerID
      value: 1583110309
      objectReference: {fileID: 0}
    - target: {fileID: 3410391731091161958, guid: 19a311e2f7ad7ff4197a5dd574e6daa2,
        type: 3}
      propertyPath: m_SortingLayer
      value: -17
      objectReference: {fileID: 0}
    - target: {fileID: 4510859249880964643, guid: 19a311e2f7ad7ff4197a5dd574e6daa2,
        type: 3}
      propertyPath: m_Name
      value: WoodBrokenPlatform
      objectReference: {fileID: 0}
    - target: {fileID: 6712455415100977315, guid: 19a311e2f7ad7ff4197a5dd574e6daa2,
        type: 3}
      propertyPath: m_LocalPosition.x
      value: -3.7098122
      objectReference: {fileID: 0}
    - target: {fileID: 6712455415100977315, guid: 19a311e2f7ad7ff4197a5dd574e6daa2,
        type: 3}
      propertyPath: m_LocalPosition.y
      value: 5.6481934
      objectReference: {fileID: 0}
    - target: {fileID: 6712455415100977315, guid: 19a311e2f7ad7ff4197a5dd574e6daa2,
        type: 3}
      propertyPath: m_LocalPosition.z
      value: 0
      objectReference: {fileID: 0}
    - target: {fileID: 6712455415100977315, guid: 19a311e2f7ad7ff4197a5dd574e6daa2,
        type: 3}
      propertyPath: m_LocalRotation.x
      value: -0
      objectReference: {fileID: 0}
    - target: {fileID: 6712455415100977315, guid: 19a311e2f7ad7ff4197a5dd574e6daa2,
        type: 3}
      propertyPath: m_LocalRotation.y
      value: -0
      objectReference: {fileID: 0}
    - target: {fileID: 6712455415100977315, guid: 19a311e2f7ad7ff4197a5dd574e6daa2,
        type: 3}
      propertyPath: m_LocalRotation.z
      value: -0
      objectReference: {fileID: 0}
    - target: {fileID: 6712455415100977315, guid: 19a311e2f7ad7ff4197a5dd574e6daa2,
        type: 3}
      propertyPath: m_LocalRotation.w
      value: 1
      objectReference: {fileID: 0}
    - target: {fileID: 6712455415100977315, guid: 19a311e2f7ad7ff4197a5dd574e6daa2,
        type: 3}
      propertyPath: m_RootOrder
      value: 6
      objectReference: {fileID: 0}
    - target: {fileID: 6712455415100977315, guid: 19a311e2f7ad7ff4197a5dd574e6daa2,
        type: 3}
      propertyPath: m_LocalEulerAnglesHint.x
      value: 0
      objectReference: {fileID: 0}
    - target: {fileID: 6712455415100977315, guid: 19a311e2f7ad7ff4197a5dd574e6daa2,
        type: 3}
      propertyPath: m_LocalEulerAnglesHint.y
      value: 0
      objectReference: {fileID: 0}
    - target: {fileID: 6712455415100977315, guid: 19a311e2f7ad7ff4197a5dd574e6daa2,
        type: 3}
      propertyPath: m_LocalEulerAnglesHint.z
      value: 0
      objectReference: {fileID: 0}
    m_RemovedComponents: []
  m_SourcePrefab: {fileID: 100100000, guid: 19a311e2f7ad7ff4197a5dd574e6daa2, type: 3}
--- !u!4 &1509273508410363241 stripped
Transform:
  m_CorrespondingSourceObject: {fileID: 6712455415100977315, guid: 19a311e2f7ad7ff4197a5dd574e6daa2,
    type: 3}
  m_PrefabInstance: {fileID: 5320276047831809482}
  m_PrefabAsset: {fileID: 0}
--- !u!1001 &5320276048148669899
PrefabInstance:
  m_ObjectHideFlags: 0
  serializedVersion: 2
  m_Modification:
    m_TransformParent: {fileID: 550484000710325009}
    m_Modifications:
    - target: {fileID: 812452963575265184, guid: 6cf2ba47919874e42870f6cea5ac5c35,
        type: 3}
      propertyPath: m_Spline.m_ControlPoints.Array.size
      value: 4
      objectReference: {fileID: 0}
    - target: {fileID: 812452963575265184, guid: 6cf2ba47919874e42870f6cea5ac5c35,
        type: 3}
      propertyPath: m_Spline.m_ControlPoints.Array.data[0].spriteIndex
      value: 1
      objectReference: {fileID: 0}
    - target: {fileID: 812452963575265184, guid: 6cf2ba47919874e42870f6cea5ac5c35,
        type: 3}
      propertyPath: m_Spline.m_ControlPoints.Array.data[1].position.x
      value: -1.47
      objectReference: {fileID: 0}
    - target: {fileID: 812452963575265184, guid: 6cf2ba47919874e42870f6cea5ac5c35,
        type: 3}
      propertyPath: m_Spline.m_ControlPoints.Array.data[1].spriteIndex
      value: 0
      objectReference: {fileID: 0}
    - target: {fileID: 812452963575265184, guid: 6cf2ba47919874e42870f6cea5ac5c35,
        type: 3}
      propertyPath: m_Spline.m_ControlPoints.Array.data[1].corner
      value: 1
      objectReference: {fileID: 0}
    - target: {fileID: 812452963575265184, guid: 6cf2ba47919874e42870f6cea5ac5c35,
        type: 3}
      propertyPath: m_Spline.m_ControlPoints.Array.data[2].position.x
      value: 16.33
      objectReference: {fileID: 0}
    - target: {fileID: 812452963575265184, guid: 6cf2ba47919874e42870f6cea5ac5c35,
        type: 3}
      propertyPath: m_Spline.m_ControlPoints.Array.data[2].position.y
      value: -0.00000047683716
      objectReference: {fileID: 0}
    - target: {fileID: 812452963575265184, guid: 6cf2ba47919874e42870f6cea5ac5c35,
        type: 3}
      propertyPath: m_Spline.m_ControlPoints.Array.data[2].height
      value: 1
      objectReference: {fileID: 0}
    - target: {fileID: 812452963575265184, guid: 6cf2ba47919874e42870f6cea5ac5c35,
        type: 3}
      propertyPath: m_Spline.m_ControlPoints.Array.data[2].corner
      value: 1
      objectReference: {fileID: 0}
    - target: {fileID: 812452963575265184, guid: 6cf2ba47919874e42870f6cea5ac5c35,
        type: 3}
      propertyPath: m_Spline.m_ControlPoints.Array.data[3].position.x
      value: 17.78
      objectReference: {fileID: 0}
    - target: {fileID: 812452963575265184, guid: 6cf2ba47919874e42870f6cea5ac5c35,
        type: 3}
      propertyPath: m_Spline.m_ControlPoints.Array.data[3].height
      value: 1
      objectReference: {fileID: 0}
    - target: {fileID: 812452963575265184, guid: 6cf2ba47919874e42870f6cea5ac5c35,
        type: 3}
      propertyPath: m_Spline.m_ControlPoints.Array.data[3].spriteIndex
      value: 2
      objectReference: {fileID: 0}
    - target: {fileID: 1473161296811178714, guid: 6cf2ba47919874e42870f6cea5ac5c35,
        type: 3}
      propertyPath: m_SortingLayerID
      value: 1583110309
      objectReference: {fileID: 0}
    - target: {fileID: 1473161296811178714, guid: 6cf2ba47919874e42870f6cea5ac5c35,
        type: 3}
      propertyPath: m_SortingLayer
      value: -17
      objectReference: {fileID: 0}
    - target: {fileID: 1473161296811178714, guid: 6cf2ba47919874e42870f6cea5ac5c35,
        type: 3}
      propertyPath: m_LocalAABB.m_Center.x
      value: 7.8900003
      objectReference: {fileID: 0}
    - target: {fileID: 1473161296811178714, guid: 6cf2ba47919874e42870f6cea5ac5c35,
        type: 3}
      propertyPath: m_LocalAABB.m_Center.y
      value: -0.00000023841858
      objectReference: {fileID: 0}
    - target: {fileID: 1473161296811178714, guid: 6cf2ba47919874e42870f6cea5ac5c35,
        type: 3}
      propertyPath: m_LocalAABB.m_Center.z
      value: -0.00501
      objectReference: {fileID: 0}
    - target: {fileID: 1473161296811178714, guid: 6cf2ba47919874e42870f6cea5ac5c35,
        type: 3}
      propertyPath: m_LocalAABB.m_Extent.x
      value: 9.89
      objectReference: {fileID: 0}
    - target: {fileID: 1473161296811178714, guid: 6cf2ba47919874e42870f6cea5ac5c35,
        type: 3}
      propertyPath: m_LocalAABB.m_Extent.y
      value: 0.7200002
      objectReference: {fileID: 0}
    - target: {fileID: 1473161296811178714, guid: 6cf2ba47919874e42870f6cea5ac5c35,
        type: 3}
      propertyPath: m_LocalAABB.m_Extent.z
      value: 0.00501
      objectReference: {fileID: 0}
    - target: {fileID: 2112826555246985772, guid: 6cf2ba47919874e42870f6cea5ac5c35,
        type: 3}
      propertyPath: m_Offset.x
      value: 7.9016495
      objectReference: {fileID: 0}
    - target: {fileID: 2112826555246985772, guid: 6cf2ba47919874e42870f6cea5ac5c35,
        type: 3}
      propertyPath: m_Size.x
      value: 19.803299
      objectReference: {fileID: 0}
    - target: {fileID: 2863086362524702159, guid: 6cf2ba47919874e42870f6cea5ac5c35,
        type: 3}
      propertyPath: m_LocalPosition.x
      value: 49.6
      objectReference: {fileID: 0}
    - target: {fileID: 2863086362524702159, guid: 6cf2ba47919874e42870f6cea5ac5c35,
        type: 3}
      propertyPath: m_LocalPosition.y
      value: -2.38
      objectReference: {fileID: 0}
    - target: {fileID: 2863086362524702159, guid: 6cf2ba47919874e42870f6cea5ac5c35,
        type: 3}
      propertyPath: m_LocalPosition.z
      value: 0
      objectReference: {fileID: 0}
    - target: {fileID: 2863086362524702159, guid: 6cf2ba47919874e42870f6cea5ac5c35,
        type: 3}
      propertyPath: m_LocalRotation.x
      value: -0
      objectReference: {fileID: 0}
    - target: {fileID: 2863086362524702159, guid: 6cf2ba47919874e42870f6cea5ac5c35,
        type: 3}
      propertyPath: m_LocalRotation.y
      value: -0
      objectReference: {fileID: 0}
    - target: {fileID: 2863086362524702159, guid: 6cf2ba47919874e42870f6cea5ac5c35,
        type: 3}
      propertyPath: m_LocalRotation.z
      value: -0
      objectReference: {fileID: 0}
    - target: {fileID: 2863086362524702159, guid: 6cf2ba47919874e42870f6cea5ac5c35,
        type: 3}
      propertyPath: m_LocalRotation.w
      value: 1
      objectReference: {fileID: 0}
    - target: {fileID: 2863086362524702159, guid: 6cf2ba47919874e42870f6cea5ac5c35,
        type: 3}
      propertyPath: m_RootOrder
      value: 0
      objectReference: {fileID: 0}
    - target: {fileID: 2863086362524702159, guid: 6cf2ba47919874e42870f6cea5ac5c35,
        type: 3}
      propertyPath: m_LocalEulerAnglesHint.x
      value: 0
      objectReference: {fileID: 0}
    - target: {fileID: 2863086362524702159, guid: 6cf2ba47919874e42870f6cea5ac5c35,
        type: 3}
      propertyPath: m_LocalEulerAnglesHint.y
      value: 0
      objectReference: {fileID: 0}
    - target: {fileID: 2863086362524702159, guid: 6cf2ba47919874e42870f6cea5ac5c35,
        type: 3}
      propertyPath: m_LocalEulerAnglesHint.z
      value: 0
      objectReference: {fileID: 0}
    - target: {fileID: 3437539894488710380, guid: 6cf2ba47919874e42870f6cea5ac5c35,
        type: 3}
      propertyPath: m_Name
      value: House_Floor (2)
      objectReference: {fileID: 0}
    m_RemovedComponents: []
  m_SourcePrefab: {fileID: 100100000, guid: 6cf2ba47919874e42870f6cea5ac5c35, type: 3}
--- !u!4 &7957529589291905028 stripped
Transform:
  m_CorrespondingSourceObject: {fileID: 2863086362524702159, guid: 6cf2ba47919874e42870f6cea5ac5c35,
    type: 3}
  m_PrefabInstance: {fileID: 5320276048148669899}
  m_PrefabAsset: {fileID: 0}
--- !u!1001 &5320276048514371287
PrefabInstance:
  m_ObjectHideFlags: 0
  serializedVersion: 2
  m_Modification:
    m_TransformParent: {fileID: 550484000710325009}
    m_Modifications:
    - target: {fileID: 389662841261606705, guid: de191516a84a36944a4ed90d7d5c34bc,
        type: 3}
      propertyPath: m_SpriteShape
      value: 
      objectReference: {fileID: 11400000, guid: 9a56a4a2fdce1984d9208e9fc89db39e,
        type: 2}
    - target: {fileID: 2955500772190186183, guid: de191516a84a36944a4ed90d7d5c34bc,
        type: 3}
      propertyPath: m_Offset.y
      value: 0.36
      objectReference: {fileID: 0}
    - target: {fileID: 2991525485192806876, guid: de191516a84a36944a4ed90d7d5c34bc,
        type: 3}
      propertyPath: m_SortingLayerID
      value: 267990515
      objectReference: {fileID: 0}
    - target: {fileID: 2991525485192806876, guid: de191516a84a36944a4ed90d7d5c34bc,
        type: 3}
      propertyPath: m_SortingLayer
      value: -18
      objectReference: {fileID: 0}
    - target: {fileID: 2991525485192806876, guid: de191516a84a36944a4ed90d7d5c34bc,
        type: 3}
      propertyPath: m_Sprites.Array.data[0]
      value: 
      objectReference: {fileID: 21300000, guid: 77381094990aa433d9ffc1beeda07546,
        type: 3}
    - target: {fileID: 2991525485192806876, guid: de191516a84a36944a4ed90d7d5c34bc,
        type: 3}
      propertyPath: m_LocalAABB.m_Center.y
      value: 0
      objectReference: {fileID: 0}
    - target: {fileID: 2991525485192806876, guid: de191516a84a36944a4ed90d7d5c34bc,
        type: 3}
      propertyPath: m_LocalAABB.m_Extent.y
      value: 0.385
      objectReference: {fileID: 0}
    - target: {fileID: 3955251997369362430, guid: de191516a84a36944a4ed90d7d5c34bc,
        type: 3}
      propertyPath: m_Name
      value: WoodMovingPlatform
      objectReference: {fileID: 0}
    - target: {fileID: 4060748865385246322, guid: de191516a84a36944a4ed90d7d5c34bc,
        type: 3}
      propertyPath: speed
      value: 0.4
      objectReference: {fileID: 0}
    - target: {fileID: 6151148017016097150, guid: de191516a84a36944a4ed90d7d5c34bc,
        type: 3}
      propertyPath: m_LocalPosition.x
      value: 4.340187
      objectReference: {fileID: 0}
    - target: {fileID: 6151148017016097150, guid: de191516a84a36944a4ed90d7d5c34bc,
        type: 3}
      propertyPath: m_LocalPosition.y
      value: 6.958193
      objectReference: {fileID: 0}
    - target: {fileID: 6151148017016097150, guid: de191516a84a36944a4ed90d7d5c34bc,
        type: 3}
      propertyPath: m_LocalPosition.z
      value: 0
      objectReference: {fileID: 0}
    - target: {fileID: 6151148017016097150, guid: de191516a84a36944a4ed90d7d5c34bc,
        type: 3}
      propertyPath: m_LocalRotation.x
      value: -0
      objectReference: {fileID: 0}
    - target: {fileID: 6151148017016097150, guid: de191516a84a36944a4ed90d7d5c34bc,
        type: 3}
      propertyPath: m_LocalRotation.y
      value: -0
      objectReference: {fileID: 0}
    - target: {fileID: 6151148017016097150, guid: de191516a84a36944a4ed90d7d5c34bc,
        type: 3}
      propertyPath: m_LocalRotation.z
      value: -0
      objectReference: {fileID: 0}
    - target: {fileID: 6151148017016097150, guid: de191516a84a36944a4ed90d7d5c34bc,
        type: 3}
      propertyPath: m_LocalRotation.w
      value: 1
      objectReference: {fileID: 0}
    - target: {fileID: 6151148017016097150, guid: de191516a84a36944a4ed90d7d5c34bc,
        type: 3}
      propertyPath: m_RootOrder
      value: 4
      objectReference: {fileID: 0}
    - target: {fileID: 6151148017016097150, guid: de191516a84a36944a4ed90d7d5c34bc,
        type: 3}
      propertyPath: m_LocalEulerAnglesHint.x
      value: 0
      objectReference: {fileID: 0}
    - target: {fileID: 6151148017016097150, guid: de191516a84a36944a4ed90d7d5c34bc,
        type: 3}
      propertyPath: m_LocalEulerAnglesHint.y
      value: 0
      objectReference: {fileID: 0}
    - target: {fileID: 6151148017016097150, guid: de191516a84a36944a4ed90d7d5c34bc,
        type: 3}
      propertyPath: m_LocalEulerAnglesHint.z
      value: 0
      objectReference: {fileID: 0}
    m_RemovedComponents: []
  m_SourcePrefab: {fileID: 100100000, guid: de191516a84a36944a4ed90d7d5c34bc, type: 3}
--- !u!4 &2055944257488816041 stripped
Transform:
  m_CorrespondingSourceObject: {fileID: 6151148017016097150, guid: de191516a84a36944a4ed90d7d5c34bc,
    type: 3}
  m_PrefabInstance: {fileID: 5320276048514371287}
  m_PrefabAsset: {fileID: 0}
--- !u!1001 &5320276048914034235
PrefabInstance:
  m_ObjectHideFlags: 0
  serializedVersion: 2
  m_Modification:
    m_TransformParent: {fileID: 550484000710325009}
    m_Modifications:
    - target: {fileID: 812452963575265184, guid: 6cf2ba47919874e42870f6cea5ac5c35,
        type: 3}
      propertyPath: m_Spline.m_ControlPoints.Array.size
      value: 4
      objectReference: {fileID: 0}
    - target: {fileID: 812452963575265184, guid: 6cf2ba47919874e42870f6cea5ac5c35,
        type: 3}
      propertyPath: m_Spline.m_ControlPoints.Array.data[0].spriteIndex
      value: 1
      objectReference: {fileID: 0}
    - target: {fileID: 812452963575265184, guid: 6cf2ba47919874e42870f6cea5ac5c35,
        type: 3}
      propertyPath: m_Spline.m_ControlPoints.Array.data[1].position.x
      value: -1.47
      objectReference: {fileID: 0}
    - target: {fileID: 812452963575265184, guid: 6cf2ba47919874e42870f6cea5ac5c35,
        type: 3}
      propertyPath: m_Spline.m_ControlPoints.Array.data[1].spriteIndex
      value: 0
      objectReference: {fileID: 0}
    - target: {fileID: 812452963575265184, guid: 6cf2ba47919874e42870f6cea5ac5c35,
        type: 3}
      propertyPath: m_Spline.m_ControlPoints.Array.data[1].corner
      value: 1
      objectReference: {fileID: 0}
    - target: {fileID: 812452963575265184, guid: 6cf2ba47919874e42870f6cea5ac5c35,
        type: 3}
      propertyPath: m_Spline.m_ControlPoints.Array.data[2].position.x
      value: 4.16
      objectReference: {fileID: 0}
    - target: {fileID: 812452963575265184, guid: 6cf2ba47919874e42870f6cea5ac5c35,
        type: 3}
      propertyPath: m_Spline.m_ControlPoints.Array.data[2].position.y
      value: -0.00000047683716
      objectReference: {fileID: 0}
    - target: {fileID: 812452963575265184, guid: 6cf2ba47919874e42870f6cea5ac5c35,
        type: 3}
      propertyPath: m_Spline.m_ControlPoints.Array.data[2].height
      value: 1
      objectReference: {fileID: 0}
    - target: {fileID: 812452963575265184, guid: 6cf2ba47919874e42870f6cea5ac5c35,
        type: 3}
      propertyPath: m_Spline.m_ControlPoints.Array.data[2].corner
      value: 1
      objectReference: {fileID: 0}
    - target: {fileID: 812452963575265184, guid: 6cf2ba47919874e42870f6cea5ac5c35,
        type: 3}
      propertyPath: m_Spline.m_ControlPoints.Array.data[3].position.x
      value: 6.39
      objectReference: {fileID: 0}
    - target: {fileID: 812452963575265184, guid: 6cf2ba47919874e42870f6cea5ac5c35,
        type: 3}
      propertyPath: m_Spline.m_ControlPoints.Array.data[3].height
      value: 1
      objectReference: {fileID: 0}
    - target: {fileID: 812452963575265184, guid: 6cf2ba47919874e42870f6cea5ac5c35,
        type: 3}
      propertyPath: m_Spline.m_ControlPoints.Array.data[3].spriteIndex
      value: 2
      objectReference: {fileID: 0}
    - target: {fileID: 1473161296811178714, guid: 6cf2ba47919874e42870f6cea5ac5c35,
        type: 3}
      propertyPath: m_SortingLayerID
      value: 1583110309
      objectReference: {fileID: 0}
    - target: {fileID: 1473161296811178714, guid: 6cf2ba47919874e42870f6cea5ac5c35,
        type: 3}
      propertyPath: m_SortingLayer
      value: -17
      objectReference: {fileID: 0}
    - target: {fileID: 1473161296811178714, guid: 6cf2ba47919874e42870f6cea5ac5c35,
        type: 3}
      propertyPath: m_LocalAABB.m_Center.x
      value: 2.1949997
      objectReference: {fileID: 0}
    - target: {fileID: 1473161296811178714, guid: 6cf2ba47919874e42870f6cea5ac5c35,
        type: 3}
      propertyPath: m_LocalAABB.m_Center.y
      value: -0.00000023841858
      objectReference: {fileID: 0}
    - target: {fileID: 1473161296811178714, guid: 6cf2ba47919874e42870f6cea5ac5c35,
        type: 3}
      propertyPath: m_LocalAABB.m_Center.z
      value: -0.00501
      objectReference: {fileID: 0}
    - target: {fileID: 1473161296811178714, guid: 6cf2ba47919874e42870f6cea5ac5c35,
        type: 3}
      propertyPath: m_LocalAABB.m_Extent.x
      value: 4.1949997
      objectReference: {fileID: 0}
    - target: {fileID: 1473161296811178714, guid: 6cf2ba47919874e42870f6cea5ac5c35,
        type: 3}
      propertyPath: m_LocalAABB.m_Extent.y
      value: 0.7200002
      objectReference: {fileID: 0}
    - target: {fileID: 1473161296811178714, guid: 6cf2ba47919874e42870f6cea5ac5c35,
        type: 3}
      propertyPath: m_LocalAABB.m_Extent.z
      value: 0.00501
      objectReference: {fileID: 0}
    - target: {fileID: 2112826555246985772, guid: 6cf2ba47919874e42870f6cea5ac5c35,
        type: 3}
      propertyPath: m_Offset.x
      value: 2.1945162
      objectReference: {fileID: 0}
    - target: {fileID: 2112826555246985772, guid: 6cf2ba47919874e42870f6cea5ac5c35,
        type: 3}
      propertyPath: m_Size.x
      value: 8.389032
      objectReference: {fileID: 0}
    - target: {fileID: 2863086362524702159, guid: 6cf2ba47919874e42870f6cea5ac5c35,
        type: 3}
      propertyPath: m_LocalPosition.x
      value: 30.729813
      objectReference: {fileID: 0}
    - target: {fileID: 2863086362524702159, guid: 6cf2ba47919874e42870f6cea5ac5c35,
        type: 3}
      propertyPath: m_LocalPosition.y
      value: -0.07819176
      objectReference: {fileID: 0}
    - target: {fileID: 2863086362524702159, guid: 6cf2ba47919874e42870f6cea5ac5c35,
        type: 3}
      propertyPath: m_LocalPosition.z
      value: 0
      objectReference: {fileID: 0}
    - target: {fileID: 2863086362524702159, guid: 6cf2ba47919874e42870f6cea5ac5c35,
        type: 3}
      propertyPath: m_LocalRotation.x
      value: -0
      objectReference: {fileID: 0}
    - target: {fileID: 2863086362524702159, guid: 6cf2ba47919874e42870f6cea5ac5c35,
        type: 3}
      propertyPath: m_LocalRotation.y
      value: -0
      objectReference: {fileID: 0}
    - target: {fileID: 2863086362524702159, guid: 6cf2ba47919874e42870f6cea5ac5c35,
        type: 3}
      propertyPath: m_LocalRotation.z
      value: -0
      objectReference: {fileID: 0}
    - target: {fileID: 2863086362524702159, guid: 6cf2ba47919874e42870f6cea5ac5c35,
        type: 3}
      propertyPath: m_LocalRotation.w
      value: 1
      objectReference: {fileID: 0}
    - target: {fileID: 2863086362524702159, guid: 6cf2ba47919874e42870f6cea5ac5c35,
        type: 3}
      propertyPath: m_RootOrder
      value: 1
      objectReference: {fileID: 0}
    - target: {fileID: 2863086362524702159, guid: 6cf2ba47919874e42870f6cea5ac5c35,
        type: 3}
      propertyPath: m_LocalEulerAnglesHint.x
      value: 0
      objectReference: {fileID: 0}
    - target: {fileID: 2863086362524702159, guid: 6cf2ba47919874e42870f6cea5ac5c35,
        type: 3}
      propertyPath: m_LocalEulerAnglesHint.y
      value: 0
      objectReference: {fileID: 0}
    - target: {fileID: 2863086362524702159, guid: 6cf2ba47919874e42870f6cea5ac5c35,
        type: 3}
      propertyPath: m_LocalEulerAnglesHint.z
      value: 0
      objectReference: {fileID: 0}
    - target: {fileID: 3437539894488710380, guid: 6cf2ba47919874e42870f6cea5ac5c35,
        type: 3}
      propertyPath: m_Name
      value: House_Floor (1)
      objectReference: {fileID: 0}
    m_RemovedComponents: []
  m_SourcePrefab: {fileID: 100100000, guid: 6cf2ba47919874e42870f6cea5ac5c35, type: 3}
--- !u!4 &7957529590661315572 stripped
Transform:
  m_CorrespondingSourceObject: {fileID: 2863086362524702159, guid: 6cf2ba47919874e42870f6cea5ac5c35,
    type: 3}
  m_PrefabInstance: {fileID: 5320276048914034235}
  m_PrefabAsset: {fileID: 0}
--- !u!1001 &5320276048917830489
PrefabInstance:
  m_ObjectHideFlags: 0
  serializedVersion: 2
  m_Modification:
    m_TransformParent: {fileID: 550484000710325009}
    m_Modifications:
    - target: {fileID: 2804413555068317453, guid: be924620a5097b744b39b294a815b1a4,
        type: 3}
      propertyPath: m_LocalPosition.x
      value: 52.06018
      objectReference: {fileID: 0}
    - target: {fileID: 2804413555068317453, guid: be924620a5097b744b39b294a815b1a4,
        type: 3}
      propertyPath: m_LocalPosition.y
      value: -1.0618076
      objectReference: {fileID: 0}
    - target: {fileID: 2804413555068317453, guid: be924620a5097b744b39b294a815b1a4,
        type: 3}
      propertyPath: m_LocalPosition.z
      value: 0
      objectReference: {fileID: 0}
    - target: {fileID: 2804413555068317453, guid: be924620a5097b744b39b294a815b1a4,
        type: 3}
      propertyPath: m_LocalRotation.x
      value: -0
      objectReference: {fileID: 0}
    - target: {fileID: 2804413555068317453, guid: be924620a5097b744b39b294a815b1a4,
        type: 3}
      propertyPath: m_LocalRotation.y
      value: -0
      objectReference: {fileID: 0}
    - target: {fileID: 2804413555068317453, guid: be924620a5097b744b39b294a815b1a4,
        type: 3}
      propertyPath: m_LocalRotation.z
      value: -0
      objectReference: {fileID: 0}
    - target: {fileID: 2804413555068317453, guid: be924620a5097b744b39b294a815b1a4,
        type: 3}
      propertyPath: m_LocalRotation.w
      value: 1
      objectReference: {fileID: 0}
    - target: {fileID: 2804413555068317453, guid: be924620a5097b744b39b294a815b1a4,
        type: 3}
      propertyPath: m_RootOrder
      value: 11
      objectReference: {fileID: 0}
    - target: {fileID: 2804413555068317453, guid: be924620a5097b744b39b294a815b1a4,
        type: 3}
      propertyPath: m_LocalEulerAnglesHint.x
      value: 0
      objectReference: {fileID: 0}
    - target: {fileID: 2804413555068317453, guid: be924620a5097b744b39b294a815b1a4,
        type: 3}
      propertyPath: m_LocalEulerAnglesHint.y
      value: 0
      objectReference: {fileID: 0}
    - target: {fileID: 2804413555068317453, guid: be924620a5097b744b39b294a815b1a4,
        type: 3}
      propertyPath: m_LocalEulerAnglesHint.z
      value: 0
      objectReference: {fileID: 0}
    - target: {fileID: 4015382417222306741, guid: be924620a5097b744b39b294a815b1a4,
        type: 3}
      propertyPath: m_Spline.m_ControlPoints.Array.data[0].position.x
      value: -4.5
      objectReference: {fileID: 0}
    - target: {fileID: 4015382417222306741, guid: be924620a5097b744b39b294a815b1a4,
        type: 3}
      propertyPath: m_Spline.m_ControlPoints.Array.data[1].position.x
      value: 0.26646423
      objectReference: {fileID: 0}
    - target: {fileID: 4363395455141372539, guid: be924620a5097b744b39b294a815b1a4,
        type: 3}
      propertyPath: m_Points.Array.data[0].x
      value: -4.5
      objectReference: {fileID: 0}
    - target: {fileID: 4363395455141372539, guid: be924620a5097b744b39b294a815b1a4,
        type: 3}
      propertyPath: m_Points.Array.data[0].y
      value: -0.75599986
      objectReference: {fileID: 0}
    - target: {fileID: 4363395455141372539, guid: be924620a5097b744b39b294a815b1a4,
        type: 3}
      propertyPath: m_Points.Array.data[1].x
      value: 0.20573595
      objectReference: {fileID: 0}
    - target: {fileID: 4363395455141372539, guid: be924620a5097b744b39b294a815b1a4,
        type: 3}
      propertyPath: m_Points.Array.data[2].x
      value: 0.26646423
      objectReference: {fileID: 0}
    - target: {fileID: 4451478761687496272, guid: be924620a5097b744b39b294a815b1a4,
        type: 3}
      propertyPath: m_LocalAABB.m_Center.x
      value: -2.116768
      objectReference: {fileID: 0}
    - target: {fileID: 4451478761687496272, guid: be924620a5097b744b39b294a815b1a4,
        type: 3}
      propertyPath: m_LocalAABB.m_Extent.x
      value: 2.383232
      objectReference: {fileID: 0}
    - target: {fileID: 9172549624621121904, guid: be924620a5097b744b39b294a815b1a4,
        type: 3}
      propertyPath: m_Name
      value: Spikes_Exterior (2)
      objectReference: {fileID: 0}
    m_RemovedComponents: []
  m_SourcePrefab: {fileID: 100100000, guid: be924620a5097b744b39b294a815b1a4, type: 3}
--- !u!4 &8015894577685148756 stripped
Transform:
  m_CorrespondingSourceObject: {fileID: 2804413555068317453, guid: be924620a5097b744b39b294a815b1a4,
    type: 3}
  m_PrefabInstance: {fileID: 5320276048917830489}
  m_PrefabAsset: {fileID: 0}
--- !u!1001 &5320276048968315168
PrefabInstance:
  m_ObjectHideFlags: 0
  serializedVersion: 2
  m_Modification:
    m_TransformParent: {fileID: 550484000710325009}
    m_Modifications:
    - target: {fileID: 812452963575265184, guid: 6cf2ba47919874e42870f6cea5ac5c35,
        type: 3}
      propertyPath: m_Spline.m_ControlPoints.Array.size
      value: 4
      objectReference: {fileID: 0}
    - target: {fileID: 812452963575265184, guid: 6cf2ba47919874e42870f6cea5ac5c35,
        type: 3}
      propertyPath: m_Spline.m_ControlPoints.Array.data[0].spriteIndex
      value: 1
      objectReference: {fileID: 0}
    - target: {fileID: 812452963575265184, guid: 6cf2ba47919874e42870f6cea5ac5c35,
        type: 3}
      propertyPath: m_Spline.m_ControlPoints.Array.data[1].position.x
      value: -1.47
      objectReference: {fileID: 0}
    - target: {fileID: 812452963575265184, guid: 6cf2ba47919874e42870f6cea5ac5c35,
        type: 3}
      propertyPath: m_Spline.m_ControlPoints.Array.data[1].spriteIndex
      value: 0
      objectReference: {fileID: 0}
    - target: {fileID: 812452963575265184, guid: 6cf2ba47919874e42870f6cea5ac5c35,
        type: 3}
      propertyPath: m_Spline.m_ControlPoints.Array.data[1].corner
      value: 1
      objectReference: {fileID: 0}
    - target: {fileID: 812452963575265184, guid: 6cf2ba47919874e42870f6cea5ac5c35,
        type: 3}
      propertyPath: m_Spline.m_ControlPoints.Array.data[2].position.x
      value: 4.16
      objectReference: {fileID: 0}
    - target: {fileID: 812452963575265184, guid: 6cf2ba47919874e42870f6cea5ac5c35,
        type: 3}
      propertyPath: m_Spline.m_ControlPoints.Array.data[2].position.y
      value: -0.00000047683716
      objectReference: {fileID: 0}
    - target: {fileID: 812452963575265184, guid: 6cf2ba47919874e42870f6cea5ac5c35,
        type: 3}
      propertyPath: m_Spline.m_ControlPoints.Array.data[2].height
      value: 1
      objectReference: {fileID: 0}
    - target: {fileID: 812452963575265184, guid: 6cf2ba47919874e42870f6cea5ac5c35,
        type: 3}
      propertyPath: m_Spline.m_ControlPoints.Array.data[2].corner
      value: 1
      objectReference: {fileID: 0}
    - target: {fileID: 812452963575265184, guid: 6cf2ba47919874e42870f6cea5ac5c35,
        type: 3}
      propertyPath: m_Spline.m_ControlPoints.Array.data[3].position.x
      value: 6.39
      objectReference: {fileID: 0}
    - target: {fileID: 812452963575265184, guid: 6cf2ba47919874e42870f6cea5ac5c35,
        type: 3}
      propertyPath: m_Spline.m_ControlPoints.Array.data[3].height
      value: 1
      objectReference: {fileID: 0}
    - target: {fileID: 812452963575265184, guid: 6cf2ba47919874e42870f6cea5ac5c35,
        type: 3}
      propertyPath: m_Spline.m_ControlPoints.Array.data[3].spriteIndex
      value: 2
      objectReference: {fileID: 0}
    - target: {fileID: 1473161296811178714, guid: 6cf2ba47919874e42870f6cea5ac5c35,
        type: 3}
      propertyPath: m_SortingLayerID
      value: 1583110309
      objectReference: {fileID: 0}
    - target: {fileID: 1473161296811178714, guid: 6cf2ba47919874e42870f6cea5ac5c35,
        type: 3}
      propertyPath: m_SortingLayer
      value: -17
      objectReference: {fileID: 0}
    - target: {fileID: 1473161296811178714, guid: 6cf2ba47919874e42870f6cea5ac5c35,
        type: 3}
      propertyPath: m_LocalAABB.m_Center.x
      value: 2.1949997
      objectReference: {fileID: 0}
    - target: {fileID: 1473161296811178714, guid: 6cf2ba47919874e42870f6cea5ac5c35,
        type: 3}
      propertyPath: m_LocalAABB.m_Center.y
      value: -0.00000023841858
      objectReference: {fileID: 0}
    - target: {fileID: 1473161296811178714, guid: 6cf2ba47919874e42870f6cea5ac5c35,
        type: 3}
      propertyPath: m_LocalAABB.m_Center.z
      value: -0.00501
      objectReference: {fileID: 0}
    - target: {fileID: 1473161296811178714, guid: 6cf2ba47919874e42870f6cea5ac5c35,
        type: 3}
      propertyPath: m_LocalAABB.m_Extent.x
      value: 4.1949997
      objectReference: {fileID: 0}
    - target: {fileID: 1473161296811178714, guid: 6cf2ba47919874e42870f6cea5ac5c35,
        type: 3}
      propertyPath: m_LocalAABB.m_Extent.y
      value: 0.7200002
      objectReference: {fileID: 0}
    - target: {fileID: 1473161296811178714, guid: 6cf2ba47919874e42870f6cea5ac5c35,
        type: 3}
      propertyPath: m_LocalAABB.m_Extent.z
      value: 0.00501
      objectReference: {fileID: 0}
    - target: {fileID: 2112826555246985772, guid: 6cf2ba47919874e42870f6cea5ac5c35,
        type: 3}
      propertyPath: m_Offset.x
      value: 2.1945162
      objectReference: {fileID: 0}
    - target: {fileID: 2112826555246985772, guid: 6cf2ba47919874e42870f6cea5ac5c35,
        type: 3}
      propertyPath: m_Size.x
      value: 8.389032
      objectReference: {fileID: 0}
    - target: {fileID: 2863086362524702159, guid: 6cf2ba47919874e42870f6cea5ac5c35,
        type: 3}
      propertyPath: m_LocalPosition.x
      value: 11.540001
      objectReference: {fileID: 0}
    - target: {fileID: 2863086362524702159, guid: 6cf2ba47919874e42870f6cea5ac5c35,
        type: 3}
      propertyPath: m_LocalPosition.y
      value: 9.970001
      objectReference: {fileID: 0}
    - target: {fileID: 2863086362524702159, guid: 6cf2ba47919874e42870f6cea5ac5c35,
        type: 3}
      propertyPath: m_LocalPosition.z
      value: 0
      objectReference: {fileID: 0}
    - target: {fileID: 2863086362524702159, guid: 6cf2ba47919874e42870f6cea5ac5c35,
        type: 3}
      propertyPath: m_LocalRotation.x
      value: -0
      objectReference: {fileID: 0}
    - target: {fileID: 2863086362524702159, guid: 6cf2ba47919874e42870f6cea5ac5c35,
        type: 3}
      propertyPath: m_LocalRotation.y
      value: -0
      objectReference: {fileID: 0}
    - target: {fileID: 2863086362524702159, guid: 6cf2ba47919874e42870f6cea5ac5c35,
        type: 3}
      propertyPath: m_LocalRotation.z
      value: -0
      objectReference: {fileID: 0}
    - target: {fileID: 2863086362524702159, guid: 6cf2ba47919874e42870f6cea5ac5c35,
        type: 3}
      propertyPath: m_LocalRotation.w
      value: 1
      objectReference: {fileID: 0}
    - target: {fileID: 2863086362524702159, guid: 6cf2ba47919874e42870f6cea5ac5c35,
        type: 3}
      propertyPath: m_RootOrder
      value: 2
      objectReference: {fileID: 0}
    - target: {fileID: 2863086362524702159, guid: 6cf2ba47919874e42870f6cea5ac5c35,
        type: 3}
      propertyPath: m_LocalEulerAnglesHint.x
      value: 0
      objectReference: {fileID: 0}
    - target: {fileID: 2863086362524702159, guid: 6cf2ba47919874e42870f6cea5ac5c35,
        type: 3}
      propertyPath: m_LocalEulerAnglesHint.y
      value: 0
      objectReference: {fileID: 0}
    - target: {fileID: 2863086362524702159, guid: 6cf2ba47919874e42870f6cea5ac5c35,
        type: 3}
      propertyPath: m_LocalEulerAnglesHint.z
      value: 0
      objectReference: {fileID: 0}
    - target: {fileID: 3437539894488710380, guid: 6cf2ba47919874e42870f6cea5ac5c35,
        type: 3}
      propertyPath: m_Name
      value: House_Floor
      objectReference: {fileID: 0}
    m_RemovedComponents: []
  m_SourcePrefab: {fileID: 100100000, guid: 6cf2ba47919874e42870f6cea5ac5c35, type: 3}
--- !u!4 &7957529590615418095 stripped
Transform:
  m_CorrespondingSourceObject: {fileID: 2863086362524702159, guid: 6cf2ba47919874e42870f6cea5ac5c35,
    type: 3}
  m_PrefabInstance: {fileID: 5320276048968315168}
  m_PrefabAsset: {fileID: 0}
--- !u!1001 &5320276049257067462
PrefabInstance:
  m_ObjectHideFlags: 0
  serializedVersion: 2
  m_Modification:
    m_TransformParent: {fileID: 550484000710325009}
    m_Modifications:
    - target: {fileID: 2804413555068317453, guid: be924620a5097b744b39b294a815b1a4,
        type: 3}
      propertyPath: m_LocalPosition.x
      value: 14.000187
      objectReference: {fileID: 0}
    - target: {fileID: 2804413555068317453, guid: be924620a5097b744b39b294a815b1a4,
        type: 3}
      propertyPath: m_LocalPosition.y
      value: 11.288193
      objectReference: {fileID: 0}
    - target: {fileID: 2804413555068317453, guid: be924620a5097b744b39b294a815b1a4,
        type: 3}
      propertyPath: m_LocalPosition.z
      value: 0
      objectReference: {fileID: 0}
    - target: {fileID: 2804413555068317453, guid: be924620a5097b744b39b294a815b1a4,
        type: 3}
      propertyPath: m_LocalRotation.x
      value: -0
      objectReference: {fileID: 0}
    - target: {fileID: 2804413555068317453, guid: be924620a5097b744b39b294a815b1a4,
        type: 3}
      propertyPath: m_LocalRotation.y
      value: -0
      objectReference: {fileID: 0}
    - target: {fileID: 2804413555068317453, guid: be924620a5097b744b39b294a815b1a4,
        type: 3}
      propertyPath: m_LocalRotation.z
      value: -0
      objectReference: {fileID: 0}
    - target: {fileID: 2804413555068317453, guid: be924620a5097b744b39b294a815b1a4,
        type: 3}
      propertyPath: m_LocalRotation.w
      value: 1
      objectReference: {fileID: 0}
    - target: {fileID: 2804413555068317453, guid: be924620a5097b744b39b294a815b1a4,
        type: 3}
      propertyPath: m_RootOrder
      value: 9
      objectReference: {fileID: 0}
    - target: {fileID: 2804413555068317453, guid: be924620a5097b744b39b294a815b1a4,
        type: 3}
      propertyPath: m_LocalEulerAnglesHint.x
      value: 0
      objectReference: {fileID: 0}
    - target: {fileID: 2804413555068317453, guid: be924620a5097b744b39b294a815b1a4,
        type: 3}
      propertyPath: m_LocalEulerAnglesHint.y
      value: 0
      objectReference: {fileID: 0}
    - target: {fileID: 2804413555068317453, guid: be924620a5097b744b39b294a815b1a4,
        type: 3}
      propertyPath: m_LocalEulerAnglesHint.z
      value: 0
      objectReference: {fileID: 0}
    - target: {fileID: 4015382417222306741, guid: be924620a5097b744b39b294a815b1a4,
        type: 3}
      propertyPath: m_Spline.m_ControlPoints.Array.data[0].position.x
      value: -4.5
      objectReference: {fileID: 0}
    - target: {fileID: 4015382417222306741, guid: be924620a5097b744b39b294a815b1a4,
        type: 3}
      propertyPath: m_Spline.m_ControlPoints.Array.data[1].position.x
      value: 4
      objectReference: {fileID: 0}
    - target: {fileID: 4363395455141372539, guid: be924620a5097b744b39b294a815b1a4,
        type: 3}
      propertyPath: m_Points.Array.data[0].x
      value: -4.5
      objectReference: {fileID: 0}
    - target: {fileID: 4363395455141372539, guid: be924620a5097b744b39b294a815b1a4,
        type: 3}
      propertyPath: m_Points.Array.data[1].x
      value: 3.8917036
      objectReference: {fileID: 0}
    - target: {fileID: 4363395455141372539, guid: be924620a5097b744b39b294a815b1a4,
        type: 3}
      propertyPath: m_Points.Array.data[2].x
      value: 4
      objectReference: {fileID: 0}
    - target: {fileID: 4451478761687496272, guid: be924620a5097b744b39b294a815b1a4,
        type: 3}
      propertyPath: m_LocalAABB.m_Center.x
      value: -0.25
      objectReference: {fileID: 0}
    - target: {fileID: 4451478761687496272, guid: be924620a5097b744b39b294a815b1a4,
        type: 3}
      propertyPath: m_LocalAABB.m_Extent.x
      value: 4.25
      objectReference: {fileID: 0}
    - target: {fileID: 9172549624621121904, guid: be924620a5097b744b39b294a815b1a4,
        type: 3}
      propertyPath: m_Name
      value: Spikes_Exterior
      objectReference: {fileID: 0}
    m_RemovedComponents: []
  m_SourcePrefab: {fileID: 100100000, guid: be924620a5097b744b39b294a815b1a4, type: 3}
--- !u!4 &8015894577483308235 stripped
Transform:
  m_CorrespondingSourceObject: {fileID: 2804413555068317453, guid: be924620a5097b744b39b294a815b1a4,
    type: 3}
  m_PrefabInstance: {fileID: 5320276049257067462}
  m_PrefabAsset: {fileID: 0}
--- !u!1001 &5320276049368606832
PrefabInstance:
  m_ObjectHideFlags: 0
  serializedVersion: 2
  m_Modification:
    m_TransformParent: {fileID: 550484000710325009}
    m_Modifications:
    - target: {fileID: 3410391731091161958, guid: 19a311e2f7ad7ff4197a5dd574e6daa2,
        type: 3}
      propertyPath: m_SortingLayerID
      value: 1583110309
      objectReference: {fileID: 0}
    - target: {fileID: 3410391731091161958, guid: 19a311e2f7ad7ff4197a5dd574e6daa2,
        type: 3}
      propertyPath: m_SortingLayer
      value: -17
      objectReference: {fileID: 0}
    - target: {fileID: 4510859249880964643, guid: 19a311e2f7ad7ff4197a5dd574e6daa2,
        type: 3}
      propertyPath: m_Name
      value: WoodBrokenPlatform (3)
      objectReference: {fileID: 0}
    - target: {fileID: 6712455415100977315, guid: 19a311e2f7ad7ff4197a5dd574e6daa2,
        type: 3}
      propertyPath: m_LocalPosition.x
      value: 43.65
      objectReference: {fileID: 0}
    - target: {fileID: 6712455415100977315, guid: 19a311e2f7ad7ff4197a5dd574e6daa2,
        type: 3}
      propertyPath: m_LocalPosition.y
      value: 1.2299995
      objectReference: {fileID: 0}
    - target: {fileID: 6712455415100977315, guid: 19a311e2f7ad7ff4197a5dd574e6daa2,
        type: 3}
      propertyPath: m_LocalPosition.z
      value: 0
      objectReference: {fileID: 0}
    - target: {fileID: 6712455415100977315, guid: 19a311e2f7ad7ff4197a5dd574e6daa2,
        type: 3}
      propertyPath: m_LocalRotation.x
      value: -0
      objectReference: {fileID: 0}
    - target: {fileID: 6712455415100977315, guid: 19a311e2f7ad7ff4197a5dd574e6daa2,
        type: 3}
      propertyPath: m_LocalRotation.y
      value: -0
      objectReference: {fileID: 0}
    - target: {fileID: 6712455415100977315, guid: 19a311e2f7ad7ff4197a5dd574e6daa2,
        type: 3}
      propertyPath: m_LocalRotation.z
      value: -0
      objectReference: {fileID: 0}
    - target: {fileID: 6712455415100977315, guid: 19a311e2f7ad7ff4197a5dd574e6daa2,
        type: 3}
      propertyPath: m_LocalRotation.w
      value: 1
      objectReference: {fileID: 0}
    - target: {fileID: 6712455415100977315, guid: 19a311e2f7ad7ff4197a5dd574e6daa2,
        type: 3}
      propertyPath: m_RootOrder
      value: 8
      objectReference: {fileID: 0}
    - target: {fileID: 6712455415100977315, guid: 19a311e2f7ad7ff4197a5dd574e6daa2,
        type: 3}
      propertyPath: m_LocalEulerAnglesHint.x
      value: 0
      objectReference: {fileID: 0}
    - target: {fileID: 6712455415100977315, guid: 19a311e2f7ad7ff4197a5dd574e6daa2,
        type: 3}
      propertyPath: m_LocalEulerAnglesHint.y
      value: 0
      objectReference: {fileID: 0}
    - target: {fileID: 6712455415100977315, guid: 19a311e2f7ad7ff4197a5dd574e6daa2,
        type: 3}
      propertyPath: m_LocalEulerAnglesHint.z
      value: 0
      objectReference: {fileID: 0}
    m_RemovedComponents: []
  m_SourcePrefab: {fileID: 100100000, guid: 19a311e2f7ad7ff4197a5dd574e6daa2, type: 3}
--- !u!4 &1509273507544946899 stripped
Transform:
  m_CorrespondingSourceObject: {fileID: 6712455415100977315, guid: 19a311e2f7ad7ff4197a5dd574e6daa2,
    type: 3}
  m_PrefabInstance: {fileID: 5320276049368606832}
  m_PrefabAsset: {fileID: 0}
--- !u!1001 &5345387507413879067
PrefabInstance:
  m_ObjectHideFlags: 0
  serializedVersion: 2
  m_Modification:
    m_TransformParent: {fileID: 5320276048244330850}
    m_Modifications:
    - target: {fileID: 1764661911625138, guid: 5745c1841f5c0ea4cbd9b9eac1251758, type: 3}
      propertyPath: m_Name
      value: Checkpoint (1)
      objectReference: {fileID: 0}
    - target: {fileID: 4898128540904914, guid: 5745c1841f5c0ea4cbd9b9eac1251758, type: 3}
      propertyPath: m_LocalPosition.x
      value: 62.07
      objectReference: {fileID: 0}
    - target: {fileID: 4898128540904914, guid: 5745c1841f5c0ea4cbd9b9eac1251758, type: 3}
      propertyPath: m_LocalPosition.y
      value: 0.14
      objectReference: {fileID: 0}
    - target: {fileID: 4898128540904914, guid: 5745c1841f5c0ea4cbd9b9eac1251758, type: 3}
      propertyPath: m_LocalPosition.z
      value: 0
      objectReference: {fileID: 0}
    - target: {fileID: 4898128540904914, guid: 5745c1841f5c0ea4cbd9b9eac1251758, type: 3}
      propertyPath: m_LocalRotation.x
      value: -0
      objectReference: {fileID: 0}
    - target: {fileID: 4898128540904914, guid: 5745c1841f5c0ea4cbd9b9eac1251758, type: 3}
      propertyPath: m_LocalRotation.y
      value: -0
      objectReference: {fileID: 0}
    - target: {fileID: 4898128540904914, guid: 5745c1841f5c0ea4cbd9b9eac1251758, type: 3}
      propertyPath: m_LocalRotation.z
      value: -0
      objectReference: {fileID: 0}
    - target: {fileID: 4898128540904914, guid: 5745c1841f5c0ea4cbd9b9eac1251758, type: 3}
      propertyPath: m_LocalRotation.w
      value: 1
      objectReference: {fileID: 0}
    - target: {fileID: 4898128540904914, guid: 5745c1841f5c0ea4cbd9b9eac1251758, type: 3}
      propertyPath: m_RootOrder
      value: 1
      objectReference: {fileID: 0}
    - target: {fileID: 4898128540904914, guid: 5745c1841f5c0ea4cbd9b9eac1251758, type: 3}
      propertyPath: m_LocalEulerAnglesHint.x
      value: 0
      objectReference: {fileID: 0}
    - target: {fileID: 4898128540904914, guid: 5745c1841f5c0ea4cbd9b9eac1251758, type: 3}
      propertyPath: m_LocalEulerAnglesHint.y
      value: 0
      objectReference: {fileID: 0}
    - target: {fileID: 4898128540904914, guid: 5745c1841f5c0ea4cbd9b9eac1251758, type: 3}
      propertyPath: m_LocalEulerAnglesHint.z
      value: 0
      objectReference: {fileID: 0}
    m_RemovedComponents: []
  m_SourcePrefab: {fileID: 100100000, guid: 5745c1841f5c0ea4cbd9b9eac1251758, type: 3}
--- !u!4 &5350214026696172745 stripped
Transform:
  m_CorrespondingSourceObject: {fileID: 4898128540904914, guid: 5745c1841f5c0ea4cbd9b9eac1251758,
    type: 3}
  m_PrefabInstance: {fileID: 5345387507413879067}
  m_PrefabAsset: {fileID: 0}
