%YAML 1.1
%TAG !u! tag:unity3d.com,2011:
--- !u!1 &1682367570986269161
GameObject:
  m_ObjectHideFlags: 0
  m_CorrespondingSourceObject: {fileID: 0}
  m_PrefabInstance: {fileID: 0}
  m_PrefabAsset: {fileID: 0}
  serializedVersion: 6
  m_Component:
  - component: {fileID: 2475907558484835931}
  - component: {fileID: 2916699654612917430}
  m_Layer: 0
  m_Name: Freeform Light 2D
  m_TagString: Untagged
  m_Icon: {fileID: 0}
  m_NavMeshLayer: 0
  m_StaticEditorFlags: 0
  m_IsActive: 1
--- !u!4 &2475907558484835931
Transform:
  m_ObjectHideFlags: 0
  m_CorrespondingSourceObject: {fileID: 0}
  m_PrefabInstance: {fileID: 0}
  m_PrefabAsset: {fileID: 0}
  m_GameObject: {fileID: 1682367570986269161}
  m_LocalRotation: {x: 0, y: 0, z: 0, w: 1}
  m_LocalPosition: {x: 0.3, y: 13.82, z: 0}
  m_LocalScale: {x: 34.146496, y: 35.606148, z: 1}
  m_Children: []
  m_Father: {fileID: 3211522374818541643}
  m_RootOrder: 0
  m_LocalEulerAnglesHint: {x: 0, y: 0, z: 0}
--- !u!114 &2916699654612917430
MonoBehaviour:
  m_ObjectHideFlags: 0
  m_CorrespondingSourceObject: {fileID: 0}
  m_PrefabInstance: {fileID: 0}
  m_PrefabAsset: {fileID: 0}
  m_GameObject: {fileID: 1682367570986269161}
  m_Enabled: 1
  m_EditorHideFlags: 0
  m_Script: {fileID: 11500000, guid: 073797afb82c5a1438f328866b10b3f0, type: 3}
  m_Name: 
  m_EditorClassIdentifier: 
  m_LightType: 1
  m_BlendStyleIndex: 0
  m_FalloffIntensity: 0
  m_Color: {r: 1, g: 1, b: 1, a: 1}
  m_Intensity: 0.95
  m_LightVolumeOpacity: 0
  m_ApplyToSortingLayers: 5ddbe1c5
  m_LightCookieSprite: {fileID: 0}
  m_UseNormalMap: 0
  m_LightOrder: 0
  m_AlphaBlendOnOverlap: 0
  m_PointLightInnerAngle: 360
  m_PointLightOuterAngle: 360
  m_PointLightInnerRadius: 0
  m_PointLightOuterRadius: 1
  m_PointLightDistance: 3
  m_PointLightQuality: 1
  m_ShapeLightParametricSides: 5
  m_ShapeLightParametricAngleOffset: 0
  m_ShapeLightParametricRadius: 1
  m_ShapeLightFalloffSize: 0
  m_ShapeLightFalloffOffset: {x: 0, y: 0}
  m_ShapePath:
  - {x: -0.5, y: -0.5, z: 0}
  - {x: 0.5, y: -0.5, z: 0}
  - {x: 0.5, y: 0.5, z: 0}
  - {x: -0.5, y: 0.5, z: 0}
--- !u!1 &3211522374818541642
GameObject:
  m_ObjectHideFlags: 0
  m_CorrespondingSourceObject: {fileID: 0}
  m_PrefabInstance: {fileID: 0}
  m_PrefabAsset: {fileID: 0}
  serializedVersion: 6
  m_Component:
  - component: {fileID: 3211522374818541643}
  m_Layer: 0
  m_Name: Tower
  m_TagString: Untagged
  m_Icon: {fileID: 0}
  m_NavMeshLayer: 0
  m_StaticEditorFlags: 0
  m_IsActive: 1
--- !u!4 &3211522374818541643
Transform:
  m_ObjectHideFlags: 0
  m_CorrespondingSourceObject: {fileID: 0}
  m_PrefabInstance: {fileID: 0}
  m_PrefabAsset: {fileID: 0}
  m_GameObject: {fileID: 3211522374818541642}
  m_LocalRotation: {x: 0, y: 0, z: 0, w: 1}
  m_LocalPosition: {x: 0, y: 0, z: 0}
  m_LocalScale: {x: 1, y: 1, z: 1}
  m_Children:
  - {fileID: 2475907558484835931}
  - {fileID: 3211522374261989176}
  - {fileID: 627060019939637443}
  - {fileID: 3206835920834281090}
  - {fileID: 6186222401829632870}
  - {fileID: 3211522375862458440}
  - {fileID: 5197643550488319002}
  - {fileID: 7697309735192551571}
  m_Father: {fileID: 0}
  m_RootOrder: 0
  m_LocalEulerAnglesHint: {x: 0, y: 0, z: 0}
--- !u!1 &3211522375862458447
GameObject:
  m_ObjectHideFlags: 0
  m_CorrespondingSourceObject: {fileID: 0}
  m_PrefabInstance: {fileID: 0}
  m_PrefabAsset: {fileID: 0}
  serializedVersion: 6
  m_Component:
  - component: {fileID: 3211522375862458440}
  m_Layer: 0
  m_Name: Platforms
  m_TagString: Untagged
  m_Icon: {fileID: 0}
  m_NavMeshLayer: 0
  m_StaticEditorFlags: 0
  m_IsActive: 1
--- !u!4 &3211522375862458440
Transform:
  m_ObjectHideFlags: 0
  m_CorrespondingSourceObject: {fileID: 0}
  m_PrefabInstance: {fileID: 0}
  m_PrefabAsset: {fileID: 0}
  m_GameObject: {fileID: 3211522375862458447}
  m_LocalRotation: {x: -0, y: -0, z: -0, w: 1}
  m_LocalPosition: {x: 1.5301867, y: 1.8381914, z: -19.051493}
  m_LocalScale: {x: 1, y: 1, z: 1}
  m_Children:
  - {fileID: 8194000692149942482}
  - {fileID: 3777652873067253721}
  - {fileID: 3777652873107686593}
  - {fileID: 8194000692953776071}
  - {fileID: 8194000692565731703}
  - {fileID: 3777652871653587765}
  - {fileID: 8776629594679685007}
  - {fileID: 3777652873113926745}
  m_Father: {fileID: 3211522374818541643}
  m_RootOrder: 5
  m_LocalEulerAnglesHint: {x: 0, y: 0, z: 0}
--- !u!1001 &2253588040560986551
PrefabInstance:
  m_ObjectHideFlags: 0
  serializedVersion: 2
  m_Modification:
    m_TransformParent: {fileID: 3211522374818541643}
    m_Modifications:
    - target: {fileID: 253364598350178576, guid: 8c1e789d53fd12f4db80138c393757d1,
        type: 3}
      propertyPath: m_Enabled
      value: 1
      objectReference: {fileID: 0}
    - target: {fileID: 253364598615414212, guid: 8c1e789d53fd12f4db80138c393757d1,
        type: 3}
      propertyPath: m_Enabled
      value: 1
      objectReference: {fileID: 0}
    - target: {fileID: 290798112537676780, guid: 8c1e789d53fd12f4db80138c393757d1,
        type: 3}
      propertyPath: m_LocalPosition.z
      value: 0
      objectReference: {fileID: 0}
    - target: {fileID: 437174408112216700, guid: 8c1e789d53fd12f4db80138c393757d1,
        type: 3}
      propertyPath: m_LocalPosition.z
      value: 0
      objectReference: {fileID: 0}
    - target: {fileID: 495202029126564846, guid: 8c1e789d53fd12f4db80138c393757d1,
        type: 3}
      propertyPath: m_LocalPosition.z
      value: 0
      objectReference: {fileID: 0}
    - target: {fileID: 668666575810737344, guid: 8c1e789d53fd12f4db80138c393757d1,
        type: 3}
      propertyPath: m_Enabled
      value: 1
      objectReference: {fileID: 0}
    - target: {fileID: 695477319177415104, guid: 8c1e789d53fd12f4db80138c393757d1,
        type: 3}
      propertyPath: m_LocalPosition.z
      value: 0
      objectReference: {fileID: 0}
    - target: {fileID: 812538669136306823, guid: 8c1e789d53fd12f4db80138c393757d1,
        type: 3}
      propertyPath: m_Enabled
      value: 0
      objectReference: {fileID: 0}
    - target: {fileID: 1246087270541310229, guid: 8c1e789d53fd12f4db80138c393757d1,
        type: 3}
      propertyPath: m_LocalPosition.z
      value: 0
      objectReference: {fileID: 0}
    - target: {fileID: 1337503681359503118, guid: 8c1e789d53fd12f4db80138c393757d1,
        type: 3}
      propertyPath: m_LocalPosition.z
      value: 0
      objectReference: {fileID: 0}
    - target: {fileID: 1366070510825968642, guid: 8c1e789d53fd12f4db80138c393757d1,
        type: 3}
      propertyPath: m_LocalPosition.z
      value: 0
      objectReference: {fileID: 0}
    - target: {fileID: 1500150459304963389, guid: 8c1e789d53fd12f4db80138c393757d1,
        type: 3}
      propertyPath: m_LocalPosition.z
      value: 0
      objectReference: {fileID: 0}
    - target: {fileID: 1555836109376603004, guid: 8c1e789d53fd12f4db80138c393757d1,
        type: 3}
      propertyPath: m_LocalPosition.z
      value: 0
      objectReference: {fileID: 0}
    - target: {fileID: 1726454970497294729, guid: 8c1e789d53fd12f4db80138c393757d1,
        type: 3}
      propertyPath: m_LocalPosition.z
      value: 0
      objectReference: {fileID: 0}
    - target: {fileID: 1726454970660499828, guid: 8c1e789d53fd12f4db80138c393757d1,
        type: 3}
      propertyPath: m_LocalPosition.x
      value: 1.5202
      objectReference: {fileID: 0}
    - target: {fileID: 1726454970660499828, guid: 8c1e789d53fd12f4db80138c393757d1,
        type: 3}
      propertyPath: m_LocalPosition.y
      value: 16.3
      objectReference: {fileID: 0}
    - target: {fileID: 1726454970660499828, guid: 8c1e789d53fd12f4db80138c393757d1,
        type: 3}
      propertyPath: m_LocalPosition.z
      value: 0
      objectReference: {fileID: 0}
    - target: {fileID: 1726454970660499828, guid: 8c1e789d53fd12f4db80138c393757d1,
        type: 3}
      propertyPath: m_LocalRotation.x
      value: -0
      objectReference: {fileID: 0}
    - target: {fileID: 1726454970660499828, guid: 8c1e789d53fd12f4db80138c393757d1,
        type: 3}
      propertyPath: m_LocalRotation.y
      value: -0
      objectReference: {fileID: 0}
    - target: {fileID: 1726454970660499828, guid: 8c1e789d53fd12f4db80138c393757d1,
        type: 3}
      propertyPath: m_LocalRotation.z
      value: -0
      objectReference: {fileID: 0}
    - target: {fileID: 1726454970660499828, guid: 8c1e789d53fd12f4db80138c393757d1,
        type: 3}
      propertyPath: m_LocalRotation.w
      value: 1
      objectReference: {fileID: 0}
    - target: {fileID: 1726454970660499828, guid: 8c1e789d53fd12f4db80138c393757d1,
        type: 3}
      propertyPath: m_RootOrder
      value: 2
      objectReference: {fileID: 0}
    - target: {fileID: 1726454970660499828, guid: 8c1e789d53fd12f4db80138c393757d1,
        type: 3}
      propertyPath: m_LocalEulerAnglesHint.x
      value: 0
      objectReference: {fileID: 0}
    - target: {fileID: 1726454970660499828, guid: 8c1e789d53fd12f4db80138c393757d1,
        type: 3}
      propertyPath: m_LocalEulerAnglesHint.y
      value: 0
      objectReference: {fileID: 0}
    - target: {fileID: 1726454970660499828, guid: 8c1e789d53fd12f4db80138c393757d1,
        type: 3}
      propertyPath: m_LocalEulerAnglesHint.z
      value: 0
      objectReference: {fileID: 0}
    - target: {fileID: 1726454970660499829, guid: 8c1e789d53fd12f4db80138c393757d1,
        type: 3}
      propertyPath: m_Name
      value: Front
      objectReference: {fileID: 0}
    - target: {fileID: 1726454970660499829, guid: 8c1e789d53fd12f4db80138c393757d1,
        type: 3}
      propertyPath: m_IsActive
      value: 1
      objectReference: {fileID: 0}
    - target: {fileID: 1726454971756320532, guid: 8c1e789d53fd12f4db80138c393757d1,
        type: 3}
      propertyPath: m_LocalPosition.z
      value: 0
      objectReference: {fileID: 0}
    - target: {fileID: 2500675336929376530, guid: 8c1e789d53fd12f4db80138c393757d1,
        type: 3}
      propertyPath: m_LocalPosition.z
      value: 0
      objectReference: {fileID: 0}
    - target: {fileID: 2520782895150257711, guid: 8c1e789d53fd12f4db80138c393757d1,
        type: 3}
      propertyPath: m_LocalPosition.z
      value: 0
      objectReference: {fileID: 0}
    - target: {fileID: 2574056785492833822, guid: 8c1e789d53fd12f4db80138c393757d1,
        type: 3}
      propertyPath: m_LocalPosition.z
      value: 0
      objectReference: {fileID: 0}
    - target: {fileID: 2807965511407364621, guid: 8c1e789d53fd12f4db80138c393757d1,
        type: 3}
      propertyPath: m_LocalPosition.z
      value: 0
      objectReference: {fileID: 0}
    - target: {fileID: 3429470195970651696, guid: 8c1e789d53fd12f4db80138c393757d1,
        type: 3}
      propertyPath: m_LocalPosition.z
      value: 0
      objectReference: {fileID: 0}
    - target: {fileID: 3495804499104130225, guid: 8c1e789d53fd12f4db80138c393757d1,
        type: 3}
      propertyPath: m_IsActive
      value: 0
      objectReference: {fileID: 0}
    - target: {fileID: 3514268950028571716, guid: 8c1e789d53fd12f4db80138c393757d1,
        type: 3}
      propertyPath: m_LocalPosition.z
      value: 0
      objectReference: {fileID: 0}
    - target: {fileID: 3880669121300183993, guid: 8c1e789d53fd12f4db80138c393757d1,
        type: 3}
      propertyPath: m_LocalPosition.z
      value: 0
      objectReference: {fileID: 0}
    - target: {fileID: 3902043216674869035, guid: 8c1e789d53fd12f4db80138c393757d1,
        type: 3}
      propertyPath: m_LocalPosition.z
      value: 0
      objectReference: {fileID: 0}
    - target: {fileID: 3938525114011305075, guid: 8c1e789d53fd12f4db80138c393757d1,
        type: 3}
      propertyPath: m_LocalPosition.z
      value: 0
      objectReference: {fileID: 0}
    - target: {fileID: 3967778527242496539, guid: 8c1e789d53fd12f4db80138c393757d1,
        type: 3}
      propertyPath: m_LocalPosition.z
      value: 0
      objectReference: {fileID: 0}
    - target: {fileID: 4049489294514587989, guid: 8c1e789d53fd12f4db80138c393757d1,
        type: 3}
      propertyPath: m_LocalPosition.z
      value: 0
      objectReference: {fileID: 0}
    - target: {fileID: 4888196987764329170, guid: 8c1e789d53fd12f4db80138c393757d1,
        type: 3}
      propertyPath: m_Enabled
      value: 1
      objectReference: {fileID: 0}
    - target: {fileID: 5862566988978944076, guid: 8c1e789d53fd12f4db80138c393757d1,
        type: 3}
      propertyPath: m_Enabled
      value: 1
      objectReference: {fileID: 0}
    - target: {fileID: 5862566988979757353, guid: 8c1e789d53fd12f4db80138c393757d1,
        type: 3}
      propertyPath: m_Enabled
      value: 1
      objectReference: {fileID: 0}
    - target: {fileID: 5862566989811950626, guid: 8c1e789d53fd12f4db80138c393757d1,
        type: 3}
      propertyPath: m_Enabled
      value: 1
      objectReference: {fileID: 0}
    - target: {fileID: 6353482642451326076, guid: 8c1e789d53fd12f4db80138c393757d1,
        type: 3}
      propertyPath: m_LocalPosition.z
      value: 0
      objectReference: {fileID: 0}
    - target: {fileID: 6553207283265196159, guid: 8c1e789d53fd12f4db80138c393757d1,
        type: 3}
      propertyPath: m_LocalPosition.z
      value: 0
      objectReference: {fileID: 0}
    - target: {fileID: 6733950139709354398, guid: 8c1e789d53fd12f4db80138c393757d1,
        type: 3}
      propertyPath: m_LocalPosition.z
      value: 0
      objectReference: {fileID: 0}
    - target: {fileID: 6976623312300706929, guid: 8c1e789d53fd12f4db80138c393757d1,
        type: 3}
      propertyPath: m_LocalPosition.z
      value: 0
      objectReference: {fileID: 0}
    - target: {fileID: 7344047558027981770, guid: 8c1e789d53fd12f4db80138c393757d1,
        type: 3}
      propertyPath: m_Enabled
      value: 1
      objectReference: {fileID: 0}
    - target: {fileID: 7444295410548570063, guid: 8c1e789d53fd12f4db80138c393757d1,
        type: 3}
      propertyPath: m_LocalPosition.z
      value: 0
      objectReference: {fileID: 0}
    - target: {fileID: 7718599487493686630, guid: 8c1e789d53fd12f4db80138c393757d1,
        type: 3}
      propertyPath: m_LocalPosition.z
      value: 0
      objectReference: {fileID: 0}
    - target: {fileID: 8020634161053155985, guid: 8c1e789d53fd12f4db80138c393757d1,
        type: 3}
      propertyPath: m_LocalPosition.z
      value: 0
      objectReference: {fileID: 0}
    - target: {fileID: 8027134655056999596, guid: 8c1e789d53fd12f4db80138c393757d1,
        type: 3}
      propertyPath: m_LocalPosition.z
      value: 0
      objectReference: {fileID: 0}
    - target: {fileID: 8220295932097858268, guid: 8c1e789d53fd12f4db80138c393757d1,
        type: 3}
      propertyPath: m_LocalPosition.z
      value: 0
      objectReference: {fileID: 0}
    - target: {fileID: 8731709493971920445, guid: 8c1e789d53fd12f4db80138c393757d1,
        type: 3}
      propertyPath: m_LocalPosition.z
      value: 0
      objectReference: {fileID: 0}
    - target: {fileID: 8820089440506857072, guid: 8c1e789d53fd12f4db80138c393757d1,
        type: 3}
      propertyPath: m_LocalPosition.z
      value: 0
      objectReference: {fileID: 0}
    - target: {fileID: 8885015590683420574, guid: 8c1e789d53fd12f4db80138c393757d1,
        type: 3}
      propertyPath: m_LocalPosition.z
      value: 0
      objectReference: {fileID: 0}
    m_RemovedComponents: []
  m_SourcePrefab: {fileID: 100100000, guid: 8c1e789d53fd12f4db80138c393757d1, type: 3}
--- !u!4 &627060019939637443 stripped
Transform:
  m_CorrespondingSourceObject: {fileID: 1726454970660499828, guid: 8c1e789d53fd12f4db80138c393757d1,
    type: 3}
  m_PrefabInstance: {fileID: 2253588040560986551}
  m_PrefabAsset: {fileID: 0}
--- !u!212 &1502461818727202329 stripped
SpriteRenderer:
  m_CorrespondingSourceObject: {fileID: 837541378839197614, guid: 8c1e789d53fd12f4db80138c393757d1,
    type: 3}
  m_PrefabInstance: {fileID: 2253588040560986551}
  m_PrefabAsset: {fileID: 0}
--- !u!1 &1502461818580032885 stripped
GameObject:
  m_CorrespondingSourceObject: {fileID: 837541378710312130, guid: 8c1e789d53fd12f4db80138c393757d1,
    type: 3}
  m_PrefabInstance: {fileID: 2253588040560986551}
  m_PrefabAsset: {fileID: 0}
--- !u!212 &404899621294900968 stripped
SpriteRenderer:
  m_CorrespondingSourceObject: {fileID: 1934336092460142431, guid: 8c1e789d53fd12f4db80138c393757d1,
    type: 3}
  m_PrefabInstance: {fileID: 2253588040560986551}
  m_PrefabAsset: {fileID: 0}
--- !u!1 &404899621146961284 stripped
GameObject:
  m_CorrespondingSourceObject: {fileID: 1934336092330486835, guid: 8c1e789d53fd12f4db80138c393757d1,
    type: 3}
  m_PrefabInstance: {fileID: 2253588040560986551}
  m_PrefabAsset: {fileID: 0}
--- !u!212 &7289904310626143658 stripped
SpriteRenderer:
  m_CorrespondingSourceObject: {fileID: 8821614039244276765, guid: 8c1e789d53fd12f4db80138c393757d1,
    type: 3}
  m_PrefabInstance: {fileID: 2253588040560986551}
  m_PrefabAsset: {fileID: 0}
--- !u!1 &7289904310495440582 stripped
GameObject:
  m_CorrespondingSourceObject: {fileID: 8821614039099484017, guid: 8c1e789d53fd12f4db80138c393757d1,
    type: 3}
  m_PrefabInstance: {fileID: 2253588040560986551}
  m_PrefabAsset: {fileID: 0}
--- !u!1001 &3211522374417205361
PrefabInstance:
  m_ObjectHideFlags: 0
  serializedVersion: 2
  m_Modification:
    m_TransformParent: {fileID: 3211522375862458440}
    m_Modifications:
    - target: {fileID: 2449433450832754689, guid: 19a311e2f7ad7ff4197a5dd574e6daa2,
        type: 3}
      propertyPath: m_Enabled
      value: 1
      objectReference: {fileID: 0}
    - target: {fileID: 4510859249880964643, guid: 19a311e2f7ad7ff4197a5dd574e6daa2,
        type: 3}
      propertyPath: m_Name
      value: WoodBrokenPlatform
      objectReference: {fileID: 0}
    - target: {fileID: 6712455415100977315, guid: 19a311e2f7ad7ff4197a5dd574e6daa2,
        type: 3}
      propertyPath: m_LocalPosition.x
      value: 7.7700005
      objectReference: {fileID: 0}
    - target: {fileID: 6712455415100977315, guid: 19a311e2f7ad7ff4197a5dd574e6daa2,
        type: 3}
      propertyPath: m_LocalPosition.y
      value: 1.1200001
      objectReference: {fileID: 0}
    - target: {fileID: 6712455415100977315, guid: 19a311e2f7ad7ff4197a5dd574e6daa2,
        type: 3}
      propertyPath: m_LocalPosition.z
      value: 19.051493
      objectReference: {fileID: 0}
    - target: {fileID: 6712455415100977315, guid: 19a311e2f7ad7ff4197a5dd574e6daa2,
        type: 3}
      propertyPath: m_LocalRotation.x
      value: -0
      objectReference: {fileID: 0}
    - target: {fileID: 6712455415100977315, guid: 19a311e2f7ad7ff4197a5dd574e6daa2,
        type: 3}
      propertyPath: m_LocalRotation.y
      value: -0
      objectReference: {fileID: 0}
    - target: {fileID: 6712455415100977315, guid: 19a311e2f7ad7ff4197a5dd574e6daa2,
        type: 3}
      propertyPath: m_LocalRotation.z
      value: -0
      objectReference: {fileID: 0}
    - target: {fileID: 6712455415100977315, guid: 19a311e2f7ad7ff4197a5dd574e6daa2,
        type: 3}
      propertyPath: m_LocalRotation.w
      value: 1
      objectReference: {fileID: 0}
    - target: {fileID: 6712455415100977315, guid: 19a311e2f7ad7ff4197a5dd574e6daa2,
        type: 3}
      propertyPath: m_RootOrder
      value: 0
      objectReference: {fileID: 0}
    - target: {fileID: 6712455415100977315, guid: 19a311e2f7ad7ff4197a5dd574e6daa2,
        type: 3}
      propertyPath: m_LocalEulerAnglesHint.x
      value: 0
      objectReference: {fileID: 0}
    - target: {fileID: 6712455415100977315, guid: 19a311e2f7ad7ff4197a5dd574e6daa2,
        type: 3}
      propertyPath: m_LocalEulerAnglesHint.y
      value: 0
      objectReference: {fileID: 0}
    - target: {fileID: 6712455415100977315, guid: 19a311e2f7ad7ff4197a5dd574e6daa2,
        type: 3}
      propertyPath: m_LocalEulerAnglesHint.z
      value: 0
      objectReference: {fileID: 0}
    m_RemovedComponents: []
  m_SourcePrefab: {fileID: 100100000, guid: 19a311e2f7ad7ff4197a5dd574e6daa2, type: 3}
--- !u!4 &8194000692149942482 stripped
Transform:
  m_CorrespondingSourceObject: {fileID: 6712455415100977315, guid: 19a311e2f7ad7ff4197a5dd574e6daa2,
    type: 3}
  m_PrefabInstance: {fileID: 3211522374417205361}
  m_PrefabAsset: {fileID: 0}
--- !u!1001 &3211522374512833667
PrefabInstance:
  m_ObjectHideFlags: 0
  serializedVersion: 2
  m_Modification:
    m_TransformParent: {fileID: 3211522374818541643}
    m_Modifications:
    - target: {fileID: 590630286932105332, guid: 1454561f27bfd964bacfc52e4b1617ec,
        type: 3}
      propertyPath: m_LocalPosition.x
      value: 2.02
      objectReference: {fileID: 0}
    - target: {fileID: 590630286932105332, guid: 1454561f27bfd964bacfc52e4b1617ec,
        type: 3}
      propertyPath: m_LocalPosition.y
      value: -3.55
      objectReference: {fileID: 0}
    - target: {fileID: 985449487799706400, guid: 1454561f27bfd964bacfc52e4b1617ec,
        type: 3}
      propertyPath: m_SortingLayerID
      value: -893447113
      objectReference: {fileID: 0}
    - target: {fileID: 985449487799706400, guid: 1454561f27bfd964bacfc52e4b1617ec,
        type: 3}
      propertyPath: m_SortingLayer
      value: -12
      objectReference: {fileID: 0}
    - target: {fileID: 1359138827212202226, guid: 1454561f27bfd964bacfc52e4b1617ec,
        type: 3}
      propertyPath: m_LocalPosition.x
      value: 12.02
      objectReference: {fileID: 0}
    - target: {fileID: 1359138827212202226, guid: 1454561f27bfd964bacfc52e4b1617ec,
        type: 3}
      propertyPath: m_LocalPosition.y
      value: -1.228
      objectReference: {fileID: 0}
    - target: {fileID: 1648042949316089395, guid: 1454561f27bfd964bacfc52e4b1617ec,
        type: 3}
      propertyPath: m_Size.x
      value: 5
      objectReference: {fileID: 0}
    - target: {fileID: 2431779922431833823, guid: 1454561f27bfd964bacfc52e4b1617ec,
        type: 3}
      propertyPath: m_AnchorMin.y
      value: 0
      objectReference: {fileID: 0}
    - target: {fileID: 2431779922431833823, guid: 1454561f27bfd964bacfc52e4b1617ec,
        type: 3}
      propertyPath: m_AnchorMax.y
      value: 0
      objectReference: {fileID: 0}
    - target: {fileID: 2431779922431833823, guid: 1454561f27bfd964bacfc52e4b1617ec,
        type: 3}
      propertyPath: m_AnchoredPosition.x
      value: 0
      objectReference: {fileID: 0}
    - target: {fileID: 2431779922431833823, guid: 1454561f27bfd964bacfc52e4b1617ec,
        type: 3}
      propertyPath: m_AnchoredPosition.y
      value: 0
      objectReference: {fileID: 0}
    - target: {fileID: 2431779922431833823, guid: 1454561f27bfd964bacfc52e4b1617ec,
        type: 3}
      propertyPath: m_SizeDelta.x
      value: 0
      objectReference: {fileID: 0}
    - target: {fileID: 2431779922431833823, guid: 1454561f27bfd964bacfc52e4b1617ec,
        type: 3}
      propertyPath: m_SizeDelta.y
      value: 0
      objectReference: {fileID: 0}
    - target: {fileID: 2431779922621407104, guid: 1454561f27bfd964bacfc52e4b1617ec,
        type: 3}
      propertyPath: m_AnchorMin.y
      value: 0
      objectReference: {fileID: 0}
    - target: {fileID: 2431779922621407104, guid: 1454561f27bfd964bacfc52e4b1617ec,
        type: 3}
      propertyPath: m_AnchorMax.y
      value: 0
      objectReference: {fileID: 0}
    - target: {fileID: 2431779922621407104, guid: 1454561f27bfd964bacfc52e4b1617ec,
        type: 3}
      propertyPath: m_AnchoredPosition.x
      value: 0
      objectReference: {fileID: 0}
    - target: {fileID: 2431779922621407104, guid: 1454561f27bfd964bacfc52e4b1617ec,
        type: 3}
      propertyPath: m_AnchoredPosition.y
      value: 0
      objectReference: {fileID: 0}
    - target: {fileID: 2431779922621407104, guid: 1454561f27bfd964bacfc52e4b1617ec,
        type: 3}
      propertyPath: m_SizeDelta.x
      value: 0
      objectReference: {fileID: 0}
    - target: {fileID: 2431779922621407104, guid: 1454561f27bfd964bacfc52e4b1617ec,
        type: 3}
      propertyPath: m_SizeDelta.y
      value: 0
      objectReference: {fileID: 0}
    - target: {fileID: 2431779922659615291, guid: 1454561f27bfd964bacfc52e4b1617ec,
        type: 3}
      propertyPath: m_AnchorMin.y
      value: 0
      objectReference: {fileID: 0}
    - target: {fileID: 2431779922659615291, guid: 1454561f27bfd964bacfc52e4b1617ec,
        type: 3}
      propertyPath: m_AnchorMax.y
      value: 0
      objectReference: {fileID: 0}
    - target: {fileID: 2431779922659615291, guid: 1454561f27bfd964bacfc52e4b1617ec,
        type: 3}
      propertyPath: m_AnchoredPosition.x
      value: 0
      objectReference: {fileID: 0}
    - target: {fileID: 2431779922659615291, guid: 1454561f27bfd964bacfc52e4b1617ec,
        type: 3}
      propertyPath: m_AnchoredPosition.y
      value: 0
      objectReference: {fileID: 0}
    - target: {fileID: 2431779922659615291, guid: 1454561f27bfd964bacfc52e4b1617ec,
        type: 3}
      propertyPath: m_SizeDelta.x
      value: 0
      objectReference: {fileID: 0}
    - target: {fileID: 2431779922659615291, guid: 1454561f27bfd964bacfc52e4b1617ec,
        type: 3}
      propertyPath: m_SizeDelta.y
      value: 0
      objectReference: {fileID: 0}
    - target: {fileID: 2431779922772773572, guid: 1454561f27bfd964bacfc52e4b1617ec,
        type: 3}
      propertyPath: m_AnchorMin.y
      value: 0
      objectReference: {fileID: 0}
    - target: {fileID: 2431779922772773572, guid: 1454561f27bfd964bacfc52e4b1617ec,
        type: 3}
      propertyPath: m_AnchorMax.y
      value: 0
      objectReference: {fileID: 0}
    - target: {fileID: 2431779922772773572, guid: 1454561f27bfd964bacfc52e4b1617ec,
        type: 3}
      propertyPath: m_AnchoredPosition.x
      value: 0
      objectReference: {fileID: 0}
    - target: {fileID: 2431779922772773572, guid: 1454561f27bfd964bacfc52e4b1617ec,
        type: 3}
      propertyPath: m_AnchoredPosition.y
      value: 0
      objectReference: {fileID: 0}
    - target: {fileID: 2431779922772773572, guid: 1454561f27bfd964bacfc52e4b1617ec,
        type: 3}
      propertyPath: m_SizeDelta.x
      value: 0
      objectReference: {fileID: 0}
    - target: {fileID: 2431779922772773572, guid: 1454561f27bfd964bacfc52e4b1617ec,
        type: 3}
      propertyPath: m_SizeDelta.y
      value: 0
      objectReference: {fileID: 0}
    - target: {fileID: 2431779922837874525, guid: 1454561f27bfd964bacfc52e4b1617ec,
        type: 3}
      propertyPath: m_AnchorMin.y
      value: 0
      objectReference: {fileID: 0}
    - target: {fileID: 2431779922837874525, guid: 1454561f27bfd964bacfc52e4b1617ec,
        type: 3}
      propertyPath: m_AnchorMax.y
      value: 0
      objectReference: {fileID: 0}
    - target: {fileID: 2431779922837874525, guid: 1454561f27bfd964bacfc52e4b1617ec,
        type: 3}
      propertyPath: m_AnchoredPosition.x
      value: 0
      objectReference: {fileID: 0}
    - target: {fileID: 2431779922837874525, guid: 1454561f27bfd964bacfc52e4b1617ec,
        type: 3}
      propertyPath: m_AnchoredPosition.y
      value: 0
      objectReference: {fileID: 0}
    - target: {fileID: 2431779922837874525, guid: 1454561f27bfd964bacfc52e4b1617ec,
        type: 3}
      propertyPath: m_SizeDelta.x
      value: 0
      objectReference: {fileID: 0}
    - target: {fileID: 2431779922837874525, guid: 1454561f27bfd964bacfc52e4b1617ec,
        type: 3}
      propertyPath: m_SizeDelta.y
      value: 0
      objectReference: {fileID: 0}
    - target: {fileID: 2431779922945670406, guid: 1454561f27bfd964bacfc52e4b1617ec,
        type: 3}
      propertyPath: m_AnchorMin.y
      value: 0
      objectReference: {fileID: 0}
    - target: {fileID: 2431779922945670406, guid: 1454561f27bfd964bacfc52e4b1617ec,
        type: 3}
      propertyPath: m_AnchorMax.y
      value: 0
      objectReference: {fileID: 0}
    - target: {fileID: 2431779922945670406, guid: 1454561f27bfd964bacfc52e4b1617ec,
        type: 3}
      propertyPath: m_AnchoredPosition.x
      value: 0
      objectReference: {fileID: 0}
    - target: {fileID: 2431779922945670406, guid: 1454561f27bfd964bacfc52e4b1617ec,
        type: 3}
      propertyPath: m_AnchoredPosition.y
      value: 0
      objectReference: {fileID: 0}
    - target: {fileID: 2431779922945670406, guid: 1454561f27bfd964bacfc52e4b1617ec,
        type: 3}
      propertyPath: m_SizeDelta.x
      value: 0
      objectReference: {fileID: 0}
    - target: {fileID: 2431779922945670406, guid: 1454561f27bfd964bacfc52e4b1617ec,
        type: 3}
      propertyPath: m_SizeDelta.y
      value: 0
      objectReference: {fileID: 0}
    - target: {fileID: 2431779923416542621, guid: 1454561f27bfd964bacfc52e4b1617ec,
        type: 3}
      propertyPath: m_AnchorMin.y
      value: 0
      objectReference: {fileID: 0}
    - target: {fileID: 2431779923416542621, guid: 1454561f27bfd964bacfc52e4b1617ec,
        type: 3}
      propertyPath: m_AnchorMax.y
      value: 0
      objectReference: {fileID: 0}
    - target: {fileID: 2431779923416542621, guid: 1454561f27bfd964bacfc52e4b1617ec,
        type: 3}
      propertyPath: m_AnchoredPosition.x
      value: 0
      objectReference: {fileID: 0}
    - target: {fileID: 2431779923416542621, guid: 1454561f27bfd964bacfc52e4b1617ec,
        type: 3}
      propertyPath: m_AnchoredPosition.y
      value: 0
      objectReference: {fileID: 0}
    - target: {fileID: 2431779923416542621, guid: 1454561f27bfd964bacfc52e4b1617ec,
        type: 3}
      propertyPath: m_SizeDelta.x
      value: 0
      objectReference: {fileID: 0}
    - target: {fileID: 2431779923416542621, guid: 1454561f27bfd964bacfc52e4b1617ec,
        type: 3}
      propertyPath: m_SizeDelta.y
      value: 0
      objectReference: {fileID: 0}
    - target: {fileID: 2431779924028273413, guid: 1454561f27bfd964bacfc52e4b1617ec,
        type: 3}
      propertyPath: m_AnchorMin.y
      value: 0
      objectReference: {fileID: 0}
    - target: {fileID: 2431779924028273413, guid: 1454561f27bfd964bacfc52e4b1617ec,
        type: 3}
      propertyPath: m_AnchorMax.y
      value: 0
      objectReference: {fileID: 0}
    - target: {fileID: 2431779924028273413, guid: 1454561f27bfd964bacfc52e4b1617ec,
        type: 3}
      propertyPath: m_AnchoredPosition.x
      value: 0
      objectReference: {fileID: 0}
    - target: {fileID: 2431779924028273413, guid: 1454561f27bfd964bacfc52e4b1617ec,
        type: 3}
      propertyPath: m_AnchoredPosition.y
      value: 0
      objectReference: {fileID: 0}
    - target: {fileID: 2431779924028273413, guid: 1454561f27bfd964bacfc52e4b1617ec,
        type: 3}
      propertyPath: m_SizeDelta.x
      value: 0
      objectReference: {fileID: 0}
    - target: {fileID: 2431779924028273413, guid: 1454561f27bfd964bacfc52e4b1617ec,
        type: 3}
      propertyPath: m_SizeDelta.y
      value: 0
      objectReference: {fileID: 0}
    - target: {fileID: 2431779924148387467, guid: 1454561f27bfd964bacfc52e4b1617ec,
        type: 3}
      propertyPath: m_AnchorMin.y
      value: 0
      objectReference: {fileID: 0}
    - target: {fileID: 2431779924148387467, guid: 1454561f27bfd964bacfc52e4b1617ec,
        type: 3}
      propertyPath: m_AnchorMax.y
      value: 0
      objectReference: {fileID: 0}
    - target: {fileID: 2431779924148387467, guid: 1454561f27bfd964bacfc52e4b1617ec,
        type: 3}
      propertyPath: m_AnchoredPosition.x
      value: 0
      objectReference: {fileID: 0}
    - target: {fileID: 2431779924148387467, guid: 1454561f27bfd964bacfc52e4b1617ec,
        type: 3}
      propertyPath: m_AnchoredPosition.y
      value: 0
      objectReference: {fileID: 0}
    - target: {fileID: 2431779924148387467, guid: 1454561f27bfd964bacfc52e4b1617ec,
        type: 3}
      propertyPath: m_SizeDelta.x
      value: 0
      objectReference: {fileID: 0}
    - target: {fileID: 2431779924148387467, guid: 1454561f27bfd964bacfc52e4b1617ec,
        type: 3}
      propertyPath: m_SizeDelta.y
      value: 0
      objectReference: {fileID: 0}
    - target: {fileID: 5825713717488103068, guid: 1454561f27bfd964bacfc52e4b1617ec,
        type: 3}
      propertyPath: m_LocalPosition.x
      value: -10.457
      objectReference: {fileID: 0}
    - target: {fileID: 5825713717488103068, guid: 1454561f27bfd964bacfc52e4b1617ec,
        type: 3}
      propertyPath: m_LocalPosition.y
      value: -1.232
      objectReference: {fileID: 0}
    - target: {fileID: 6078170397505777618, guid: 1454561f27bfd964bacfc52e4b1617ec,
        type: 3}
      propertyPath: m_LocalPosition.x
      value: 13.052
      objectReference: {fileID: 0}
    - target: {fileID: 6078170397818178414, guid: 1454561f27bfd964bacfc52e4b1617ec,
        type: 3}
      propertyPath: outsideOpenDoor
      value: 
      objectReference: {fileID: 0}
    - target: {fileID: 6078170397818178414, guid: 1454561f27bfd964bacfc52e4b1617ec,
        type: 3}
      propertyPath: outsideLockedDoor
      value: 
      objectReference: {fileID: 0}
    - target: {fileID: 6078170397818178414, guid: 1454561f27bfd964bacfc52e4b1617ec,
        type: 3}
      propertyPath: outsideClosedDoor
      value: 
      objectReference: {fileID: 0}
    - target: {fileID: 7255338378831325760, guid: 1454561f27bfd964bacfc52e4b1617ec,
        type: 3}
      propertyPath: m_AnchoredPosition.x
      value: 0.73
      objectReference: {fileID: 0}
    - target: {fileID: 7255338378831325760, guid: 1454561f27bfd964bacfc52e4b1617ec,
        type: 3}
      propertyPath: m_AnchoredPosition.y
      value: 2.98
      objectReference: {fileID: 0}
    - target: {fileID: 7255338378831325761, guid: 1454561f27bfd964bacfc52e4b1617ec,
        type: 3}
      propertyPath: m_SortingLayerID
      value: -893447113
      objectReference: {fileID: 0}
    - target: {fileID: 7255338379292352665, guid: 1454561f27bfd964bacfc52e4b1617ec,
        type: 3}
      propertyPath: m_LocalPosition.x
      value: 1.7901869
      objectReference: {fileID: 0}
    - target: {fileID: 7255338379292352665, guid: 1454561f27bfd964bacfc52e4b1617ec,
        type: 3}
      propertyPath: m_LocalPosition.y
      value: 28.608192
      objectReference: {fileID: 0}
    - target: {fileID: 7255338379292352665, guid: 1454561f27bfd964bacfc52e4b1617ec,
        type: 3}
      propertyPath: m_LocalPosition.z
      value: 0
      objectReference: {fileID: 0}
    - target: {fileID: 7255338379292352665, guid: 1454561f27bfd964bacfc52e4b1617ec,
        type: 3}
      propertyPath: m_LocalRotation.x
      value: -0
      objectReference: {fileID: 0}
    - target: {fileID: 7255338379292352665, guid: 1454561f27bfd964bacfc52e4b1617ec,
        type: 3}
      propertyPath: m_LocalRotation.y
      value: -0
      objectReference: {fileID: 0}
    - target: {fileID: 7255338379292352665, guid: 1454561f27bfd964bacfc52e4b1617ec,
        type: 3}
      propertyPath: m_LocalRotation.z
      value: -0
      objectReference: {fileID: 0}
    - target: {fileID: 7255338379292352665, guid: 1454561f27bfd964bacfc52e4b1617ec,
        type: 3}
      propertyPath: m_LocalRotation.w
      value: 1
      objectReference: {fileID: 0}
    - target: {fileID: 7255338379292352665, guid: 1454561f27bfd964bacfc52e4b1617ec,
        type: 3}
      propertyPath: m_RootOrder
      value: 6
      objectReference: {fileID: 0}
    - target: {fileID: 7255338379292352665, guid: 1454561f27bfd964bacfc52e4b1617ec,
        type: 3}
      propertyPath: m_LocalEulerAnglesHint.x
      value: 0
      objectReference: {fileID: 0}
    - target: {fileID: 7255338379292352665, guid: 1454561f27bfd964bacfc52e4b1617ec,
        type: 3}
      propertyPath: m_LocalEulerAnglesHint.y
      value: 0
      objectReference: {fileID: 0}
    - target: {fileID: 7255338379292352665, guid: 1454561f27bfd964bacfc52e4b1617ec,
        type: 3}
      propertyPath: m_LocalEulerAnglesHint.z
      value: 0
      objectReference: {fileID: 0}
    - target: {fileID: 7255338379292352679, guid: 1454561f27bfd964bacfc52e4b1617ec,
        type: 3}
      propertyPath: m_Name
      value: LightTrial
      objectReference: {fileID: 0}
    - target: {fileID: 7255338379292352679, guid: 1454561f27bfd964bacfc52e4b1617ec,
        type: 3}
      propertyPath: m_IsActive
      value: 1
      objectReference: {fileID: 0}
    - target: {fileID: 8867755046439459035, guid: 1454561f27bfd964bacfc52e4b1617ec,
        type: 3}
      propertyPath: m_LocalPosition.x
      value: -4.49
      objectReference: {fileID: 0}
    - target: {fileID: 8867755046439459035, guid: 1454561f27bfd964bacfc52e4b1617ec,
        type: 3}
      propertyPath: m_LocalPosition.y
      value: -1.07
      objectReference: {fileID: 0}
    - target: {fileID: 8867755046439459039, guid: 1454561f27bfd964bacfc52e4b1617ec,
        type: 3}
      propertyPath: m_SortingLayerID
      value: -893447113
      objectReference: {fileID: 0}
    - target: {fileID: 8867755046439459039, guid: 1454561f27bfd964bacfc52e4b1617ec,
        type: 3}
      propertyPath: m_SortingLayer
      value: -12
      objectReference: {fileID: 0}
    m_RemovedComponents: []
  m_SourcePrefab: {fileID: 100100000, guid: 1454561f27bfd964bacfc52e4b1617ec, type: 3}
--- !u!4 &5197643550488319002 stripped
Transform:
  m_CorrespondingSourceObject: {fileID: 7255338379292352665, guid: 1454561f27bfd964bacfc52e4b1617ec,
    type: 3}
  m_PrefabInstance: {fileID: 3211522374512833667}
  m_PrefabAsset: {fileID: 0}
--- !u!1001 &3211522374529898964
PrefabInstance:
  m_ObjectHideFlags: 0
  serializedVersion: 2
  m_Modification:
    m_TransformParent: {fileID: 3211522375862458440}
    m_Modifications:
    - target: {fileID: 2449433450832754689, guid: 19a311e2f7ad7ff4197a5dd574e6daa2,
        type: 3}
      propertyPath: m_Enabled
      value: 1
      objectReference: {fileID: 0}
    - target: {fileID: 4510859249880964643, guid: 19a311e2f7ad7ff4197a5dd574e6daa2,
        type: 3}
      propertyPath: m_Name
      value: WoodBrokenPlatform (2)
      objectReference: {fileID: 0}
    - target: {fileID: 6712455415100977315, guid: 19a311e2f7ad7ff4197a5dd574e6daa2,
        type: 3}
      propertyPath: m_LocalPosition.x
      value: 9.37
      objectReference: {fileID: 0}
    - target: {fileID: 6712455415100977315, guid: 19a311e2f7ad7ff4197a5dd574e6daa2,
        type: 3}
      propertyPath: m_LocalPosition.y
      value: 12.45
      objectReference: {fileID: 0}
    - target: {fileID: 6712455415100977315, guid: 19a311e2f7ad7ff4197a5dd574e6daa2,
        type: 3}
      propertyPath: m_LocalPosition.z
      value: 19.051493
      objectReference: {fileID: 0}
    - target: {fileID: 6712455415100977315, guid: 19a311e2f7ad7ff4197a5dd574e6daa2,
        type: 3}
      propertyPath: m_LocalRotation.x
      value: -0
      objectReference: {fileID: 0}
    - target: {fileID: 6712455415100977315, guid: 19a311e2f7ad7ff4197a5dd574e6daa2,
        type: 3}
      propertyPath: m_LocalRotation.y
      value: -0
      objectReference: {fileID: 0}
    - target: {fileID: 6712455415100977315, guid: 19a311e2f7ad7ff4197a5dd574e6daa2,
        type: 3}
      propertyPath: m_LocalRotation.z
      value: -0
      objectReference: {fileID: 0}
    - target: {fileID: 6712455415100977315, guid: 19a311e2f7ad7ff4197a5dd574e6daa2,
        type: 3}
      propertyPath: m_LocalRotation.w
      value: 1
      objectReference: {fileID: 0}
    - target: {fileID: 6712455415100977315, guid: 19a311e2f7ad7ff4197a5dd574e6daa2,
        type: 3}
      propertyPath: m_RootOrder
      value: 4
      objectReference: {fileID: 0}
    - target: {fileID: 6712455415100977315, guid: 19a311e2f7ad7ff4197a5dd574e6daa2,
        type: 3}
      propertyPath: m_LocalEulerAnglesHint.x
      value: 0
      objectReference: {fileID: 0}
    - target: {fileID: 6712455415100977315, guid: 19a311e2f7ad7ff4197a5dd574e6daa2,
        type: 3}
      propertyPath: m_LocalEulerAnglesHint.y
      value: 0
      objectReference: {fileID: 0}
    - target: {fileID: 6712455415100977315, guid: 19a311e2f7ad7ff4197a5dd574e6daa2,
        type: 3}
      propertyPath: m_LocalEulerAnglesHint.z
      value: 0
      objectReference: {fileID: 0}
    m_RemovedComponents: []
  m_SourcePrefab: {fileID: 100100000, guid: 19a311e2f7ad7ff4197a5dd574e6daa2, type: 3}
--- !u!4 &8194000692565731703 stripped
Transform:
  m_CorrespondingSourceObject: {fileID: 6712455415100977315, guid: 19a311e2f7ad7ff4197a5dd574e6daa2,
    type: 3}
  m_PrefabInstance: {fileID: 3211522374529898964}
  m_PrefabAsset: {fileID: 0}
--- !u!1001 &3211522374665535453
PrefabInstance:
  m_ObjectHideFlags: 0
  serializedVersion: 2
  m_Modification:
    m_TransformParent: {fileID: 3211522375862458440}
    m_Modifications:
    - target: {fileID: 1800724962257732840, guid: 4fdfdf9ab892d2140a1600d3c9a2d192,
        type: 3}
      propertyPath: m_LocalPosition.x
      value: 5.57
      objectReference: {fileID: 0}
    - target: {fileID: 1800724962257732840, guid: 4fdfdf9ab892d2140a1600d3c9a2d192,
        type: 3}
      propertyPath: m_LocalPosition.y
      value: 16.81
      objectReference: {fileID: 0}
    - target: {fileID: 1800724962257732840, guid: 4fdfdf9ab892d2140a1600d3c9a2d192,
        type: 3}
      propertyPath: m_LocalPosition.z
      value: 19.051493
      objectReference: {fileID: 0}
    - target: {fileID: 1800724962257732840, guid: 4fdfdf9ab892d2140a1600d3c9a2d192,
        type: 3}
      propertyPath: m_LocalRotation.x
      value: -0
      objectReference: {fileID: 0}
    - target: {fileID: 1800724962257732840, guid: 4fdfdf9ab892d2140a1600d3c9a2d192,
        type: 3}
      propertyPath: m_LocalRotation.y
      value: -0
      objectReference: {fileID: 0}
    - target: {fileID: 1800724962257732840, guid: 4fdfdf9ab892d2140a1600d3c9a2d192,
        type: 3}
      propertyPath: m_LocalRotation.z
      value: -0
      objectReference: {fileID: 0}
    - target: {fileID: 1800724962257732840, guid: 4fdfdf9ab892d2140a1600d3c9a2d192,
        type: 3}
      propertyPath: m_LocalRotation.w
      value: 1
      objectReference: {fileID: 0}
    - target: {fileID: 1800724962257732840, guid: 4fdfdf9ab892d2140a1600d3c9a2d192,
        type: 3}
      propertyPath: m_RootOrder
      value: 5
      objectReference: {fileID: 0}
    - target: {fileID: 1800724962257732840, guid: 4fdfdf9ab892d2140a1600d3c9a2d192,
        type: 3}
      propertyPath: m_LocalEulerAnglesHint.x
      value: 0
      objectReference: {fileID: 0}
    - target: {fileID: 1800724962257732840, guid: 4fdfdf9ab892d2140a1600d3c9a2d192,
        type: 3}
      propertyPath: m_LocalEulerAnglesHint.y
      value: 0
      objectReference: {fileID: 0}
    - target: {fileID: 1800724962257732840, guid: 4fdfdf9ab892d2140a1600d3c9a2d192,
        type: 3}
      propertyPath: m_LocalEulerAnglesHint.z
      value: 0
      objectReference: {fileID: 0}
    - target: {fileID: 7215956052295601226, guid: 4fdfdf9ab892d2140a1600d3c9a2d192,
        type: 3}
      propertyPath: m_Enabled
      value: 1
      objectReference: {fileID: 0}
    - target: {fileID: 8882173668877150824, guid: 4fdfdf9ab892d2140a1600d3c9a2d192,
        type: 3}
      propertyPath: m_Name
      value: WoodPlatform (1)
      objectReference: {fileID: 0}
    m_RemovedComponents: []
  m_SourcePrefab: {fileID: 100100000, guid: 4fdfdf9ab892d2140a1600d3c9a2d192, type: 3}
--- !u!4 &3777652871653587765 stripped
Transform:
  m_CorrespondingSourceObject: {fileID: 1800724962257732840, guid: 4fdfdf9ab892d2140a1600d3c9a2d192,
    type: 3}
  m_PrefabInstance: {fileID: 3211522374665535453}
  m_PrefabAsset: {fileID: 0}
--- !u!1001 &3211522374881502961
PrefabInstance:
  m_ObjectHideFlags: 0
  serializedVersion: 2
  m_Modification:
    m_TransformParent: {fileID: 3211522375862458440}
    m_Modifications:
    - target: {fileID: 2991525485192806876, guid: de191516a84a36944a4ed90d7d5c34bc,
        type: 3}
      propertyPath: m_Enabled
      value: 1
      objectReference: {fileID: 0}
    - target: {fileID: 3955251997369362430, guid: de191516a84a36944a4ed90d7d5c34bc,
        type: 3}
      propertyPath: m_Name
      value: WoodMovingPlatform
      objectReference: {fileID: 0}
    - target: {fileID: 3955251997369362430, guid: de191516a84a36944a4ed90d7d5c34bc,
        type: 3}
      propertyPath: m_IsActive
      value: 1
      objectReference: {fileID: 0}
    - target: {fileID: 4060748865385246322, guid: de191516a84a36944a4ed90d7d5c34bc,
        type: 3}
      propertyPath: waypoints.Array.data[1].y
      value: 4
      objectReference: {fileID: 0}
    - target: {fileID: 4060748865385246322, guid: de191516a84a36944a4ed90d7d5c34bc,
        type: 3}
      propertyPath: speed
      value: 0.4
      objectReference: {fileID: 0}
    - target: {fileID: 6151148017016097150, guid: de191516a84a36944a4ed90d7d5c34bc,
        type: 3}
      propertyPath: m_LocalPosition.x
      value: 1.2
      objectReference: {fileID: 0}
    - target: {fileID: 6151148017016097150, guid: de191516a84a36944a4ed90d7d5c34bc,
        type: 3}
      propertyPath: m_LocalPosition.y
      value: 17.72
      objectReference: {fileID: 0}
    - target: {fileID: 6151148017016097150, guid: de191516a84a36944a4ed90d7d5c34bc,
        type: 3}
      propertyPath: m_LocalPosition.z
      value: 19.051493
      objectReference: {fileID: 0}
    - target: {fileID: 6151148017016097150, guid: de191516a84a36944a4ed90d7d5c34bc,
        type: 3}
      propertyPath: m_LocalRotation.x
      value: -0
      objectReference: {fileID: 0}
    - target: {fileID: 6151148017016097150, guid: de191516a84a36944a4ed90d7d5c34bc,
        type: 3}
      propertyPath: m_LocalRotation.y
      value: -0
      objectReference: {fileID: 0}
    - target: {fileID: 6151148017016097150, guid: de191516a84a36944a4ed90d7d5c34bc,
        type: 3}
      propertyPath: m_LocalRotation.z
      value: -0
      objectReference: {fileID: 0}
    - target: {fileID: 6151148017016097150, guid: de191516a84a36944a4ed90d7d5c34bc,
        type: 3}
      propertyPath: m_LocalRotation.w
      value: 1
      objectReference: {fileID: 0}
    - target: {fileID: 6151148017016097150, guid: de191516a84a36944a4ed90d7d5c34bc,
        type: 3}
      propertyPath: m_RootOrder
      value: 6
      objectReference: {fileID: 0}
    - target: {fileID: 6151148017016097150, guid: de191516a84a36944a4ed90d7d5c34bc,
        type: 3}
      propertyPath: m_LocalEulerAnglesHint.x
      value: 0
      objectReference: {fileID: 0}
    - target: {fileID: 6151148017016097150, guid: de191516a84a36944a4ed90d7d5c34bc,
        type: 3}
      propertyPath: m_LocalEulerAnglesHint.y
      value: 0
      objectReference: {fileID: 0}
    - target: {fileID: 6151148017016097150, guid: de191516a84a36944a4ed90d7d5c34bc,
        type: 3}
      propertyPath: m_LocalEulerAnglesHint.z
      value: 0
      objectReference: {fileID: 0}
    m_RemovedComponents: []
  m_SourcePrefab: {fileID: 100100000, guid: de191516a84a36944a4ed90d7d5c34bc, type: 3}
--- !u!4 &8776629594679685007 stripped
Transform:
  m_CorrespondingSourceObject: {fileID: 6151148017016097150, guid: de191516a84a36944a4ed90d7d5c34bc,
    type: 3}
  m_PrefabInstance: {fileID: 3211522374881502961}
  m_PrefabAsset: {fileID: 0}
--- !u!1001 &3211522375223725924
PrefabInstance:
  m_ObjectHideFlags: 0
  serializedVersion: 2
  m_Modification:
    m_TransformParent: {fileID: 3211522375862458440}
    m_Modifications:
    - target: {fileID: 2449433450832754689, guid: 19a311e2f7ad7ff4197a5dd574e6daa2,
        type: 3}
      propertyPath: m_Enabled
      value: 1
      objectReference: {fileID: 0}
    - target: {fileID: 4510859249880964643, guid: 19a311e2f7ad7ff4197a5dd574e6daa2,
        type: 3}
      propertyPath: m_Name
      value: WoodBrokenPlatform (1)
      objectReference: {fileID: 0}
    - target: {fileID: 6712455415100977315, guid: 19a311e2f7ad7ff4197a5dd574e6daa2,
        type: 3}
      propertyPath: m_LocalPosition.x
      value: 0.22
      objectReference: {fileID: 0}
    - target: {fileID: 6712455415100977315, guid: 19a311e2f7ad7ff4197a5dd574e6daa2,
        type: 3}
      propertyPath: m_LocalPosition.y
      value: 11.06
      objectReference: {fileID: 0}
    - target: {fileID: 6712455415100977315, guid: 19a311e2f7ad7ff4197a5dd574e6daa2,
        type: 3}
      propertyPath: m_LocalPosition.z
      value: 19.051493
      objectReference: {fileID: 0}
    - target: {fileID: 6712455415100977315, guid: 19a311e2f7ad7ff4197a5dd574e6daa2,
        type: 3}
      propertyPath: m_LocalRotation.x
      value: -0
      objectReference: {fileID: 0}
    - target: {fileID: 6712455415100977315, guid: 19a311e2f7ad7ff4197a5dd574e6daa2,
        type: 3}
      propertyPath: m_LocalRotation.y
      value: -0
      objectReference: {fileID: 0}
    - target: {fileID: 6712455415100977315, guid: 19a311e2f7ad7ff4197a5dd574e6daa2,
        type: 3}
      propertyPath: m_LocalRotation.z
      value: -0
      objectReference: {fileID: 0}
    - target: {fileID: 6712455415100977315, guid: 19a311e2f7ad7ff4197a5dd574e6daa2,
        type: 3}
      propertyPath: m_LocalRotation.w
      value: 1
      objectReference: {fileID: 0}
    - target: {fileID: 6712455415100977315, guid: 19a311e2f7ad7ff4197a5dd574e6daa2,
        type: 3}
      propertyPath: m_RootOrder
      value: 3
      objectReference: {fileID: 0}
    - target: {fileID: 6712455415100977315, guid: 19a311e2f7ad7ff4197a5dd574e6daa2,
        type: 3}
      propertyPath: m_LocalEulerAnglesHint.x
      value: 0
      objectReference: {fileID: 0}
    - target: {fileID: 6712455415100977315, guid: 19a311e2f7ad7ff4197a5dd574e6daa2,
        type: 3}
      propertyPath: m_LocalEulerAnglesHint.y
      value: 0
      objectReference: {fileID: 0}
    - target: {fileID: 6712455415100977315, guid: 19a311e2f7ad7ff4197a5dd574e6daa2,
        type: 3}
      propertyPath: m_LocalEulerAnglesHint.z
      value: 0
      objectReference: {fileID: 0}
    m_RemovedComponents: []
  m_SourcePrefab: {fileID: 100100000, guid: 19a311e2f7ad7ff4197a5dd574e6daa2, type: 3}
--- !u!4 &8194000692953776071 stripped
Transform:
  m_CorrespondingSourceObject: {fileID: 6712455415100977315, guid: 19a311e2f7ad7ff4197a5dd574e6daa2,
    type: 3}
  m_PrefabInstance: {fileID: 3211522375223725924}
  m_PrefabAsset: {fileID: 0}
--- !u!1001 &3211522375870092112
PrefabInstance:
  m_ObjectHideFlags: 0
  serializedVersion: 2
  m_Modification:
    m_TransformParent: {fileID: 3211522374818541643}
    m_Modifications:
    - target: {fileID: 1764661911625138, guid: 5745c1841f5c0ea4cbd9b9eac1251758, type: 3}
      propertyPath: m_Name
      value: Checkpoint
      objectReference: {fileID: 0}
    - target: {fileID: 4898128540904914, guid: 5745c1841f5c0ea4cbd9b9eac1251758, type: 3}
      propertyPath: m_LocalPosition.x
      value: -6.32
      objectReference: {fileID: 0}
    - target: {fileID: 4898128540904914, guid: 5745c1841f5c0ea4cbd9b9eac1251758, type: 3}
      propertyPath: m_LocalPosition.y
      value: -0.7
      objectReference: {fileID: 0}
    - target: {fileID: 4898128540904914, guid: 5745c1841f5c0ea4cbd9b9eac1251758, type: 3}
      propertyPath: m_LocalPosition.z
      value: 0
      objectReference: {fileID: 0}
    - target: {fileID: 4898128540904914, guid: 5745c1841f5c0ea4cbd9b9eac1251758, type: 3}
      propertyPath: m_LocalRotation.x
      value: -0
      objectReference: {fileID: 0}
    - target: {fileID: 4898128540904914, guid: 5745c1841f5c0ea4cbd9b9eac1251758, type: 3}
      propertyPath: m_LocalRotation.y
      value: -0
      objectReference: {fileID: 0}
    - target: {fileID: 4898128540904914, guid: 5745c1841f5c0ea4cbd9b9eac1251758, type: 3}
      propertyPath: m_LocalRotation.z
      value: -0
      objectReference: {fileID: 0}
    - target: {fileID: 4898128540904914, guid: 5745c1841f5c0ea4cbd9b9eac1251758, type: 3}
      propertyPath: m_LocalRotation.w
      value: 1
      objectReference: {fileID: 0}
    - target: {fileID: 4898128540904914, guid: 5745c1841f5c0ea4cbd9b9eac1251758, type: 3}
      propertyPath: m_RootOrder
      value: 3
      objectReference: {fileID: 0}
    - target: {fileID: 4898128540904914, guid: 5745c1841f5c0ea4cbd9b9eac1251758, type: 3}
      propertyPath: m_LocalEulerAnglesHint.x
      value: 0
      objectReference: {fileID: 0}
    - target: {fileID: 4898128540904914, guid: 5745c1841f5c0ea4cbd9b9eac1251758, type: 3}
      propertyPath: m_LocalEulerAnglesHint.y
      value: 0
      objectReference: {fileID: 0}
    - target: {fileID: 4898128540904914, guid: 5745c1841f5c0ea4cbd9b9eac1251758, type: 3}
      propertyPath: m_LocalEulerAnglesHint.z
      value: 0
      objectReference: {fileID: 0}
    - target: {fileID: 212687425425294914, guid: 5745c1841f5c0ea4cbd9b9eac1251758,
        type: 3}
      propertyPath: m_Enabled
      value: 1
      objectReference: {fileID: 0}
    - target: {fileID: 212687425425294914, guid: 5745c1841f5c0ea4cbd9b9eac1251758,
        type: 3}
      propertyPath: m_SortingLayerID
      value: -1090829845
      objectReference: {fileID: 0}
    - target: {fileID: 212687425425294914, guid: 5745c1841f5c0ea4cbd9b9eac1251758,
        type: 3}
      propertyPath: m_SortingLayer
      value: -8
      objectReference: {fileID: 0}
    m_RemovedComponents: []
  m_SourcePrefab: {fileID: 100100000, guid: 5745c1841f5c0ea4cbd9b9eac1251758, type: 3}
--- !u!4 &3206835920834281090 stripped
Transform:
  m_CorrespondingSourceObject: {fileID: 4898128540904914, guid: 5745c1841f5c0ea4cbd9b9eac1251758,
    type: 3}
  m_PrefabInstance: {fileID: 3211522375870092112}
  m_PrefabAsset: {fileID: 0}
--- !u!1001 &3211522376078805809
PrefabInstance:
  m_ObjectHideFlags: 0
  serializedVersion: 2
  m_Modification:
    m_TransformParent: {fileID: 3211522375862458440}
    m_Modifications:
    - target: {fileID: 1800724962257732840, guid: 4fdfdf9ab892d2140a1600d3c9a2d192,
        type: 3}
      propertyPath: m_LocalPosition.x
      value: -4.2
      objectReference: {fileID: 0}
    - target: {fileID: 1800724962257732840, guid: 4fdfdf9ab892d2140a1600d3c9a2d192,
        type: 3}
      propertyPath: m_LocalPosition.y
      value: 1.48
      objectReference: {fileID: 0}
    - target: {fileID: 1800724962257732840, guid: 4fdfdf9ab892d2140a1600d3c9a2d192,
        type: 3}
      propertyPath: m_LocalPosition.z
      value: 19.051493
      objectReference: {fileID: 0}
    - target: {fileID: 1800724962257732840, guid: 4fdfdf9ab892d2140a1600d3c9a2d192,
        type: 3}
      propertyPath: m_LocalRotation.x
      value: -0
      objectReference: {fileID: 0}
    - target: {fileID: 1800724962257732840, guid: 4fdfdf9ab892d2140a1600d3c9a2d192,
        type: 3}
      propertyPath: m_LocalRotation.y
      value: -0
      objectReference: {fileID: 0}
    - target: {fileID: 1800724962257732840, guid: 4fdfdf9ab892d2140a1600d3c9a2d192,
        type: 3}
      propertyPath: m_LocalRotation.z
      value: -0
      objectReference: {fileID: 0}
    - target: {fileID: 1800724962257732840, guid: 4fdfdf9ab892d2140a1600d3c9a2d192,
        type: 3}
      propertyPath: m_LocalRotation.w
      value: 1
      objectReference: {fileID: 0}
    - target: {fileID: 1800724962257732840, guid: 4fdfdf9ab892d2140a1600d3c9a2d192,
        type: 3}
      propertyPath: m_RootOrder
      value: 1
      objectReference: {fileID: 0}
    - target: {fileID: 1800724962257732840, guid: 4fdfdf9ab892d2140a1600d3c9a2d192,
        type: 3}
      propertyPath: m_LocalEulerAnglesHint.x
      value: 0
      objectReference: {fileID: 0}
    - target: {fileID: 1800724962257732840, guid: 4fdfdf9ab892d2140a1600d3c9a2d192,
        type: 3}
      propertyPath: m_LocalEulerAnglesHint.y
      value: 0
      objectReference: {fileID: 0}
    - target: {fileID: 1800724962257732840, guid: 4fdfdf9ab892d2140a1600d3c9a2d192,
        type: 3}
      propertyPath: m_LocalEulerAnglesHint.z
      value: 0
      objectReference: {fileID: 0}
    - target: {fileID: 7215956052295601226, guid: 4fdfdf9ab892d2140a1600d3c9a2d192,
        type: 3}
      propertyPath: m_Enabled
      value: 1
      objectReference: {fileID: 0}
    - target: {fileID: 8882173668877150824, guid: 4fdfdf9ab892d2140a1600d3c9a2d192,
        type: 3}
      propertyPath: m_Name
      value: WoodPlatform
      objectReference: {fileID: 0}
    m_RemovedComponents: []
  m_SourcePrefab: {fileID: 100100000, guid: 4fdfdf9ab892d2140a1600d3c9a2d192, type: 3}
--- !u!4 &3777652873067253721 stripped
Transform:
  m_CorrespondingSourceObject: {fileID: 1800724962257732840, guid: 4fdfdf9ab892d2140a1600d3c9a2d192,
    type: 3}
  m_PrefabInstance: {fileID: 3211522376078805809}
  m_PrefabAsset: {fileID: 0}
--- !u!1001 &3211522376160082097
PrefabInstance:
  m_ObjectHideFlags: 0
  serializedVersion: 2
  m_Modification:
    m_TransformParent: {fileID: 3211522375862458440}
    m_Modifications:
    - target: {fileID: 1800724962257732840, guid: 4fdfdf9ab892d2140a1600d3c9a2d192,
        type: 3}
      propertyPath: m_LocalPosition.x
      value: 2.2699997
      objectReference: {fileID: 0}
    - target: {fileID: 1800724962257732840, guid: 4fdfdf9ab892d2140a1600d3c9a2d192,
        type: 3}
      propertyPath: m_LocalPosition.y
      value: 24.006
      objectReference: {fileID: 0}
    - target: {fileID: 1800724962257732840, guid: 4fdfdf9ab892d2140a1600d3c9a2d192,
        type: 3}
      propertyPath: m_LocalPosition.z
      value: 19.051493
      objectReference: {fileID: 0}
    - target: {fileID: 1800724962257732840, guid: 4fdfdf9ab892d2140a1600d3c9a2d192,
        type: 3}
      propertyPath: m_LocalRotation.x
      value: -0
      objectReference: {fileID: 0}
    - target: {fileID: 1800724962257732840, guid: 4fdfdf9ab892d2140a1600d3c9a2d192,
        type: 3}
      propertyPath: m_LocalRotation.y
      value: -0
      objectReference: {fileID: 0}
    - target: {fileID: 1800724962257732840, guid: 4fdfdf9ab892d2140a1600d3c9a2d192,
        type: 3}
      propertyPath: m_LocalRotation.z
      value: -0
      objectReference: {fileID: 0}
    - target: {fileID: 1800724962257732840, guid: 4fdfdf9ab892d2140a1600d3c9a2d192,
        type: 3}
      propertyPath: m_LocalRotation.w
      value: 1
      objectReference: {fileID: 0}
    - target: {fileID: 1800724962257732840, guid: 4fdfdf9ab892d2140a1600d3c9a2d192,
        type: 3}
      propertyPath: m_RootOrder
      value: 7
      objectReference: {fileID: 0}
    - target: {fileID: 1800724962257732840, guid: 4fdfdf9ab892d2140a1600d3c9a2d192,
        type: 3}
      propertyPath: m_LocalEulerAnglesHint.x
      value: 0
      objectReference: {fileID: 0}
    - target: {fileID: 1800724962257732840, guid: 4fdfdf9ab892d2140a1600d3c9a2d192,
        type: 3}
      propertyPath: m_LocalEulerAnglesHint.y
      value: 0
      objectReference: {fileID: 0}
    - target: {fileID: 1800724962257732840, guid: 4fdfdf9ab892d2140a1600d3c9a2d192,
        type: 3}
      propertyPath: m_LocalEulerAnglesHint.z
      value: 0
      objectReference: {fileID: 0}
    - target: {fileID: 5244561690704186023, guid: 4fdfdf9ab892d2140a1600d3c9a2d192,
        type: 3}
      propertyPath: m_Spline.m_ControlPoints.Array.data[1].position.x
      value: 3
      objectReference: {fileID: 0}
    - target: {fileID: 5244561690704186023, guid: 4fdfdf9ab892d2140a1600d3c9a2d192,
        type: 3}
      propertyPath: m_Spline.m_ControlPoints.Array.data[0].position.x
      value: -3
      objectReference: {fileID: 0}
    - target: {fileID: 7215956052295601226, guid: 4fdfdf9ab892d2140a1600d3c9a2d192,
        type: 3}
      propertyPath: m_LocalAABB.m_Center.x
      value: 0
      objectReference: {fileID: 0}
    - target: {fileID: 7215956052295601226, guid: 4fdfdf9ab892d2140a1600d3c9a2d192,
        type: 3}
      propertyPath: m_LocalAABB.m_Extent.x
      value: 3
      objectReference: {fileID: 0}
    - target: {fileID: 7215956052295601226, guid: 4fdfdf9ab892d2140a1600d3c9a2d192,
        type: 3}
      propertyPath: m_Enabled
      value: 1
      objectReference: {fileID: 0}
    - target: {fileID: 7251988452211894097, guid: 4fdfdf9ab892d2140a1600d3c9a2d192,
        type: 3}
      propertyPath: m_Points.Array.data[1].x
      value: 3
      objectReference: {fileID: 0}
    - target: {fileID: 7251988452211894097, guid: 4fdfdf9ab892d2140a1600d3c9a2d192,
        type: 3}
      propertyPath: m_Points.Array.data[0].x
      value: -3
      objectReference: {fileID: 0}
    - target: {fileID: 8882173668877150824, guid: 4fdfdf9ab892d2140a1600d3c9a2d192,
        type: 3}
      propertyPath: m_Name
      value: WoodPlatform (4)
      objectReference: {fileID: 0}
    m_RemovedComponents: []
  m_SourcePrefab: {fileID: 100100000, guid: 4fdfdf9ab892d2140a1600d3c9a2d192, type: 3}
--- !u!4 &3777652873113926745 stripped
Transform:
  m_CorrespondingSourceObject: {fileID: 1800724962257732840, guid: 4fdfdf9ab892d2140a1600d3c9a2d192,
    type: 3}
  m_PrefabInstance: {fileID: 3211522376160082097}
  m_PrefabAsset: {fileID: 0}
--- !u!1001 &5527776289699639865
PrefabInstance:
  m_ObjectHideFlags: 0
  serializedVersion: 2
  m_Modification:
    m_TransformParent: {fileID: 3211522374818541643}
    m_Modifications:
    - target: {fileID: 309004229031204536, guid: 4289387f0d383f74d8352d5e89599db3,
        type: 3}
      propertyPath: m_Enabled
      value: 1
      objectReference: {fileID: 0}
    - target: {fileID: 2080201939419285624, guid: 4289387f0d383f74d8352d5e89599db3,
        type: 3}
      propertyPath: m_LocalPosition.z
      value: 0
      objectReference: {fileID: 0}
    - target: {fileID: 2778326870522997839, guid: 4289387f0d383f74d8352d5e89599db3,
        type: 3}
      propertyPath: m_Enabled
      value: 1
      objectReference: {fileID: 0}
    - target: {fileID: 2778326870875754771, guid: 4289387f0d383f74d8352d5e89599db3,
        type: 3}
      propertyPath: m_Enabled
      value: 1
      objectReference: {fileID: 0}
    - target: {fileID: 2778326871464208542, guid: 4289387f0d383f74d8352d5e89599db3,
        type: 3}
      propertyPath: m_Enabled
      value: 1
      objectReference: {fileID: 0}
    - target: {fileID: 3502315175053925762, guid: 4289387f0d383f74d8352d5e89599db3,
        type: 3}
      propertyPath: m_LocalPosition.x
      value: -0.11697
      objectReference: {fileID: 0}
    - target: {fileID: 3502315175053925762, guid: 4289387f0d383f74d8352d5e89599db3,
        type: 3}
      propertyPath: m_LocalPosition.y
      value: -0.014511
      objectReference: {fileID: 0}
    - target: {fileID: 3539637803246488692, guid: 4289387f0d383f74d8352d5e89599db3,
        type: 3}
      propertyPath: outsideClosedDoor
      value: 
      objectReference: {fileID: 1502461818727202329}
    - target: {fileID: 3539637803246488692, guid: 4289387f0d383f74d8352d5e89599db3,
        type: 3}
      propertyPath: outsideOpenDoor
      value: 
      objectReference: {fileID: 1502461818580032885}
    - target: {fileID: 3539637805039843024, guid: 4289387f0d383f74d8352d5e89599db3,
        type: 3}
      propertyPath: m_LocalPosition.x
      value: -14.582
      objectReference: {fileID: 0}
    - target: {fileID: 5306563509861877590, guid: 4289387f0d383f74d8352d5e89599db3,
        type: 3}
      propertyPath: outsideOpenDoor
      value: 
      objectReference: {fileID: 404899621146961284}
    - target: {fileID: 5306563509861877590, guid: 4289387f0d383f74d8352d5e89599db3,
        type: 3}
      propertyPath: outsideClosedDoor
      value: 
      objectReference: {fileID: 404899621294900968}
    - target: {fileID: 5425840945042146120, guid: 4289387f0d383f74d8352d5e89599db3,
        type: 3}
      propertyPath: m_LocalPosition.x
      value: -2.6
      objectReference: {fileID: 0}
    - target: {fileID: 6328208422203304530, guid: 4289387f0d383f74d8352d5e89599db3,
        type: 3}
      propertyPath: m_LocalPosition.y
      value: 2.653
      objectReference: {fileID: 0}
    - target: {fileID: 6328208422203304530, guid: 4289387f0d383f74d8352d5e89599db3,
        type: 3}
      propertyPath: m_LocalPosition.x
      value: -14.97
      objectReference: {fileID: 0}
    - target: {fileID: 6539794987649311563, guid: 4289387f0d383f74d8352d5e89599db3,
        type: 3}
      propertyPath: outsideLockedDoor
      value: 
      objectReference: {fileID: 0}
    - target: {fileID: 6539794987649311563, guid: 4289387f0d383f74d8352d5e89599db3,
        type: 3}
      propertyPath: outsideClosedDoor
      value: 
      objectReference: {fileID: 0}
    - target: {fileID: 6539794987649311563, guid: 4289387f0d383f74d8352d5e89599db3,
        type: 3}
      propertyPath: outsideOpenDoor
      value: 
      objectReference: {fileID: 0}
    - target: {fileID: 6928512779490258177, guid: 4289387f0d383f74d8352d5e89599db3,
        type: 3}
      propertyPath: m_LocalPosition.x
      value: 0
      objectReference: {fileID: 0}
    - target: {fileID: 6928512779490258177, guid: 4289387f0d383f74d8352d5e89599db3,
        type: 3}
      propertyPath: m_LocalPosition.y
      value: 0
      objectReference: {fileID: 0}
    - target: {fileID: 6928512779490258177, guid: 4289387f0d383f74d8352d5e89599db3,
        type: 3}
      propertyPath: m_LocalPosition.z
      value: 0
      objectReference: {fileID: 0}
    - target: {fileID: 6928512779490258177, guid: 4289387f0d383f74d8352d5e89599db3,
        type: 3}
      propertyPath: m_LocalRotation.x
      value: -0
      objectReference: {fileID: 0}
    - target: {fileID: 6928512779490258177, guid: 4289387f0d383f74d8352d5e89599db3,
        type: 3}
      propertyPath: m_LocalRotation.y
      value: -0
      objectReference: {fileID: 0}
    - target: {fileID: 6928512779490258177, guid: 4289387f0d383f74d8352d5e89599db3,
        type: 3}
      propertyPath: m_LocalRotation.z
      value: -0
      objectReference: {fileID: 0}
    - target: {fileID: 6928512779490258177, guid: 4289387f0d383f74d8352d5e89599db3,
        type: 3}
      propertyPath: m_LocalRotation.w
      value: 1
      objectReference: {fileID: 0}
    - target: {fileID: 6928512779490258177, guid: 4289387f0d383f74d8352d5e89599db3,
        type: 3}
      propertyPath: m_RootOrder
      value: 1
      objectReference: {fileID: 0}
    - target: {fileID: 6928512779490258177, guid: 4289387f0d383f74d8352d5e89599db3,
        type: 3}
      propertyPath: m_LocalEulerAnglesHint.x
      value: 0
      objectReference: {fileID: 0}
    - target: {fileID: 6928512779490258177, guid: 4289387f0d383f74d8352d5e89599db3,
        type: 3}
      propertyPath: m_LocalEulerAnglesHint.y
      value: 0
      objectReference: {fileID: 0}
    - target: {fileID: 6928512779490258177, guid: 4289387f0d383f74d8352d5e89599db3,
        type: 3}
      propertyPath: m_LocalEulerAnglesHint.z
      value: 0
      objectReference: {fileID: 0}
    - target: {fileID: 6928512779490258182, guid: 4289387f0d383f74d8352d5e89599db3,
        type: 3}
      propertyPath: m_Name
      value: Back
      objectReference: {fileID: 0}
    - target: {fileID: 6928512779490258182, guid: 4289387f0d383f74d8352d5e89599db3,
        type: 3}
      propertyPath: m_IsActive
      value: 1
      objectReference: {fileID: 0}
    - target: {fileID: 6928512779636727154, guid: 4289387f0d383f74d8352d5e89599db3,
        type: 3}
      propertyPath: m_LocalPosition.z
      value: 0
      objectReference: {fileID: 0}
    - target: {fileID: 6928512780029985962, guid: 4289387f0d383f74d8352d5e89599db3,
        type: 3}
      propertyPath: m_LocalPosition.z
      value: 0
      objectReference: {fileID: 0}
    - target: {fileID: 6928512780736965313, guid: 4289387f0d383f74d8352d5e89599db3,
        type: 3}
      propertyPath: m_LocalPosition.z
      value: 0
      objectReference: {fileID: 0}
    - target: {fileID: 6928512781044245228, guid: 4289387f0d383f74d8352d5e89599db3,
        type: 3}
      propertyPath: m_LocalPosition.z
      value: 0
      objectReference: {fileID: 0}
    - target: {fileID: 7174029941183499142, guid: 4289387f0d383f74d8352d5e89599db3,
        type: 3}
      propertyPath: m_LocalPosition.z
      value: 0
      objectReference: {fileID: 0}
    - target: {fileID: 7174936818656095291, guid: 4289387f0d383f74d8352d5e89599db3,
        type: 3}
      propertyPath: outsideOpenDoor
      value: 
      objectReference: {fileID: 7289904310495440582}
    - target: {fileID: 7174936818656095291, guid: 4289387f0d383f74d8352d5e89599db3,
        type: 3}
      propertyPath: outsideClosedDoor
      value: 
      objectReference: {fileID: 7289904310626143658}
    - target: {fileID: 7303440078709962768, guid: 4289387f0d383f74d8352d5e89599db3,
        type: 3}
      propertyPath: outsideOpenDoor
      value: 
      objectReference: {fileID: 0}
    - target: {fileID: 7303440078709962768, guid: 4289387f0d383f74d8352d5e89599db3,
        type: 3}
      propertyPath: outsideLockedDoor
      value: 
      objectReference: {fileID: 0}
    - target: {fileID: 7303440078709962768, guid: 4289387f0d383f74d8352d5e89599db3,
        type: 3}
      propertyPath: outsideClosedDoor
      value: 
      objectReference: {fileID: 0}
    - target: {fileID: 7303440079018826924, guid: 4289387f0d383f74d8352d5e89599db3,
        type: 3}
      propertyPath: m_LocalPosition.y
      value: 27.64
      objectReference: {fileID: 0}
    - target: {fileID: 7303440079018826924, guid: 4289387f0d383f74d8352d5e89599db3,
        type: 3}
      propertyPath: m_LocalPosition.x
      value: 16.47
      objectReference: {fileID: 0}
    - target: {fileID: 7737584383944847549, guid: 4289387f0d383f74d8352d5e89599db3,
        type: 3}
      propertyPath: m_Spline.m_ControlPoints.Array.data[1].position.x
      value: -4
      objectReference: {fileID: 0}
    - target: {fileID: 7737584383944847549, guid: 4289387f0d383f74d8352d5e89599db3,
        type: 3}
      propertyPath: m_Spline.m_ControlPoints.Array.data[0].position.x
      value: -4.25
      objectReference: {fileID: 0}
    - target: {fileID: 7737584383999053975, guid: 4289387f0d383f74d8352d5e89599db3,
        type: 3}
      propertyPath: m_Spline.m_ControlPoints.Array.data[0].position.x
      value: -3.85
      objectReference: {fileID: 0}
    - target: {fileID: 7737584383999053975, guid: 4289387f0d383f74d8352d5e89599db3,
        type: 3}
      propertyPath: m_Spline.m_ControlPoints.Array.data[1].position.x
      value: -3.41
      objectReference: {fileID: 0}
    - target: {fileID: 8383096451461243790, guid: 4289387f0d383f74d8352d5e89599db3,
        type: 3}
      propertyPath: m_Enabled
      value: 1
      objectReference: {fileID: 0}
    - target: {fileID: 8383096451914249967, guid: 4289387f0d383f74d8352d5e89599db3,
        type: 3}
      propertyPath: m_Enabled
      value: 1
      objectReference: {fileID: 0}
    - target: {fileID: 8383096452879226552, guid: 4289387f0d383f74d8352d5e89599db3,
        type: 3}
      propertyPath: m_Enabled
      value: 1
      objectReference: {fileID: 0}
    - target: {fileID: 8383096452884913645, guid: 4289387f0d383f74d8352d5e89599db3,
        type: 3}
      propertyPath: m_Enabled
      value: 1
      objectReference: {fileID: 0}
    - target: {fileID: 8383096452884913645, guid: 4289387f0d383f74d8352d5e89599db3,
        type: 3}
      propertyPath: m_LocalAABB.m_Center.x
      value: -0.7349999
      objectReference: {fileID: 0}
    - target: {fileID: 8383096452884913645, guid: 4289387f0d383f74d8352d5e89599db3,
        type: 3}
      propertyPath: m_LocalAABB.m_Extent.x
      value: 3.115
      objectReference: {fileID: 0}
    - target: {fileID: 8383096452941954503, guid: 4289387f0d383f74d8352d5e89599db3,
        type: 3}
      propertyPath: m_LocalAABB.m_Center.x
      value: 1.1500001
      objectReference: {fileID: 0}
    - target: {fileID: 8383096452941954503, guid: 4289387f0d383f74d8352d5e89599db3,
        type: 3}
      propertyPath: m_LocalAABB.m_Extent.x
      value: 5.4
      objectReference: {fileID: 0}
    - target: {fileID: 8383096452941954503, guid: 4289387f0d383f74d8352d5e89599db3,
        type: 3}
      propertyPath: m_Enabled
      value: 1
      objectReference: {fileID: 0}
    - target: {fileID: 8734992591289779116, guid: 4289387f0d383f74d8352d5e89599db3,
        type: 3}
      propertyPath: m_LocalPosition.z
      value: 0
      objectReference: {fileID: 0}
    - target: {fileID: 9040203453258802459, guid: 4289387f0d383f74d8352d5e89599db3,
        type: 3}
      propertyPath: m_Offset.x
      value: -0.72864854
      objectReference: {fileID: 0}
    - target: {fileID: 9040203453258802459, guid: 4289387f0d383f74d8352d5e89599db3,
        type: 3}
      propertyPath: m_Size.x
      value: 6.225252
      objectReference: {fileID: 0}
    - target: {fileID: 9040203453308847409, guid: 4289387f0d383f74d8352d5e89599db3,
        type: 3}
      propertyPath: m_Offset.x
      value: 0.67654943
      objectReference: {fileID: 0}
    - target: {fileID: 9040203453308847409, guid: 4289387f0d383f74d8352d5e89599db3,
        type: 3}
      propertyPath: m_Size.x
      value: 11.759122
      objectReference: {fileID: 0}
    - target: {fileID: 9073124670866939658, guid: 4289387f0d383f74d8352d5e89599db3,
        type: 3}
      propertyPath: m_Enabled
      value: 1
      objectReference: {fileID: 0}
    m_RemovedComponents: []
  m_SourcePrefab: {fileID: 100100000, guid: 4289387f0d383f74d8352d5e89599db3, type: 3}
--- !u!4 &3211522374261989176 stripped
Transform:
  m_CorrespondingSourceObject: {fileID: 6928512779490258177, guid: 4289387f0d383f74d8352d5e89599db3,
    type: 3}
  m_PrefabInstance: {fileID: 5527776289699639865}
  m_PrefabAsset: {fileID: 0}
--- !u!1001 &6179877179733714062
PrefabInstance:
  m_ObjectHideFlags: 0
  serializedVersion: 2
  m_Modification:
    m_TransformParent: {fileID: 3211522374818541643}
    m_Modifications:
    - target: {fileID: 2611121300997659968, guid: 977406570cef01446bbd37990fc16521,
        type: 3}
      propertyPath: m_LocalAABB.m_Center.x
      value: -0.39999962
      objectReference: {fileID: 0}
    - target: {fileID: 2611121300997659968, guid: 977406570cef01446bbd37990fc16521,
        type: 3}
      propertyPath: m_LocalAABB.m_Extent.x
      value: 9.6
      objectReference: {fileID: 0}
    - target: {fileID: 2611121300997659968, guid: 977406570cef01446bbd37990fc16521,
        type: 3}
      propertyPath: m_Enabled
      value: 1
      objectReference: {fileID: 0}
    - target: {fileID: 2611121300997659968, guid: 977406570cef01446bbd37990fc16521,
        type: 3}
      propertyPath: m_LocalAABB.m_Extent.y
      value: 1.0799999
      objectReference: {fileID: 0}
    - target: {fileID: 2699804245476936043, guid: 977406570cef01446bbd37990fc16521,
        type: 3}
      propertyPath: m_Points.Array.size
      value: 3
      objectReference: {fileID: 0}
    - target: {fileID: 2699804245476936043, guid: 977406570cef01446bbd37990fc16521,
        type: 3}
      propertyPath: m_Points.Array.data[1].x
      value: 8.955378
      objectReference: {fileID: 0}
    - target: {fileID: 2699804245476936043, guid: 977406570cef01446bbd37990fc16521,
        type: 3}
      propertyPath: m_Points.Array.data[2].x
      value: 9.2
      objectReference: {fileID: 0}
    - target: {fileID: 2699804245476936043, guid: 977406570cef01446bbd37990fc16521,
        type: 3}
      propertyPath: m_Points.Array.data[0].x
      value: -10
      objectReference: {fileID: 0}
    - target: {fileID: 2699804245476936043, guid: 977406570cef01446bbd37990fc16521,
        type: 3}
      propertyPath: m_Points.Array.data[0].y
      value: -0.75599986
      objectReference: {fileID: 0}
    - target: {fileID: 2699804245476936043, guid: 977406570cef01446bbd37990fc16521,
        type: 3}
      propertyPath: m_Points.Array.data[1].y
      value: -0.7559999
      objectReference: {fileID: 0}
    - target: {fileID: 2699804245476936043, guid: 977406570cef01446bbd37990fc16521,
        type: 3}
      propertyPath: m_Points.Array.data[2].y
      value: -0.7559999
      objectReference: {fileID: 0}
    - target: {fileID: 3333725495318372517, guid: 977406570cef01446bbd37990fc16521,
        type: 3}
      propertyPath: m_Spline.m_ControlPoints.Array.data[1].position.x
      value: 9.2
      objectReference: {fileID: 0}
    - target: {fileID: 3333725495318372517, guid: 977406570cef01446bbd37990fc16521,
        type: 3}
      propertyPath: m_Spline.m_ControlPoints.Array.data[0].position.x
      value: -10
      objectReference: {fileID: 0}
    - target: {fileID: 4544417765940577309, guid: 977406570cef01446bbd37990fc16521,
        type: 3}
      propertyPath: m_LocalPosition.x
      value: 5.250186
      objectReference: {fileID: 0}
    - target: {fileID: 4544417765940577309, guid: 977406570cef01446bbd37990fc16521,
        type: 3}
      propertyPath: m_LocalPosition.y
      value: 10.808191
      objectReference: {fileID: 0}
    - target: {fileID: 4544417765940577309, guid: 977406570cef01446bbd37990fc16521,
        type: 3}
      propertyPath: m_LocalPosition.z
      value: 0
      objectReference: {fileID: 0}
    - target: {fileID: 4544417765940577309, guid: 977406570cef01446bbd37990fc16521,
        type: 3}
      propertyPath: m_LocalRotation.x
      value: -0
      objectReference: {fileID: 0}
    - target: {fileID: 4544417765940577309, guid: 977406570cef01446bbd37990fc16521,
        type: 3}
      propertyPath: m_LocalRotation.y
      value: -0
      objectReference: {fileID: 0}
    - target: {fileID: 4544417765940577309, guid: 977406570cef01446bbd37990fc16521,
        type: 3}
      propertyPath: m_LocalRotation.z
      value: -0
      objectReference: {fileID: 0}
    - target: {fileID: 4544417765940577309, guid: 977406570cef01446bbd37990fc16521,
        type: 3}
      propertyPath: m_LocalRotation.w
      value: 1
      objectReference: {fileID: 0}
    - target: {fileID: 4544417765940577309, guid: 977406570cef01446bbd37990fc16521,
        type: 3}
      propertyPath: m_RootOrder
      value: 7
      objectReference: {fileID: 0}
    - target: {fileID: 4544417765940577309, guid: 977406570cef01446bbd37990fc16521,
        type: 3}
      propertyPath: m_LocalEulerAnglesHint.x
      value: 0
      objectReference: {fileID: 0}
    - target: {fileID: 4544417765940577309, guid: 977406570cef01446bbd37990fc16521,
        type: 3}
      propertyPath: m_LocalEulerAnglesHint.y
      value: 0
      objectReference: {fileID: 0}
    - target: {fileID: 4544417765940577309, guid: 977406570cef01446bbd37990fc16521,
        type: 3}
      propertyPath: m_LocalEulerAnglesHint.z
      value: 0
      objectReference: {fileID: 0}
    - target: {fileID: 7399754956595571296, guid: 977406570cef01446bbd37990fc16521,
        type: 3}
      propertyPath: m_Name
      value: Spikes_Interior
      objectReference: {fileID: 0}
    - target: {fileID: 7399754956595571296, guid: 977406570cef01446bbd37990fc16521,
        type: 3}
      propertyPath: m_Layer
      value: 12
      objectReference: {fileID: 0}
    m_RemovedComponents: []
  m_SourcePrefab: {fileID: 100100000, guid: 977406570cef01446bbd37990fc16521, type: 3}
--- !u!4 &7697309735192551571 stripped
Transform:
  m_CorrespondingSourceObject: {fileID: 4544417765940577309, guid: 977406570cef01446bbd37990fc16521,
    type: 3}
  m_PrefabInstance: {fileID: 6179877179733714062}
  m_PrefabAsset: {fileID: 0}
--- !u!1001 &6181338570198931124
PrefabInstance:
  m_ObjectHideFlags: 0
  serializedVersion: 2
  m_Modification:
    m_TransformParent: {fileID: 3211522374818541643}
    m_Modifications:
    - target: {fileID: 1764661911625138, guid: 5745c1841f5c0ea4cbd9b9eac1251758, type: 3}
      propertyPath: m_Name
      value: Checkpoint (1)
      objectReference: {fileID: 0}
    - target: {fileID: 4898128540904914, guid: 5745c1841f5c0ea4cbd9b9eac1251758, type: 3}
      propertyPath: m_LocalPosition.x
      value: 21.8
      objectReference: {fileID: 0}
    - target: {fileID: 4898128540904914, guid: 5745c1841f5c0ea4cbd9b9eac1251758, type: 3}
      propertyPath: m_LocalPosition.y
      value: 27.69
      objectReference: {fileID: 0}
    - target: {fileID: 4898128540904914, guid: 5745c1841f5c0ea4cbd9b9eac1251758, type: 3}
      propertyPath: m_LocalPosition.z
      value: 0
      objectReference: {fileID: 0}
    - target: {fileID: 4898128540904914, guid: 5745c1841f5c0ea4cbd9b9eac1251758, type: 3}
      propertyPath: m_LocalRotation.x
      value: -0
      objectReference: {fileID: 0}
    - target: {fileID: 4898128540904914, guid: 5745c1841f5c0ea4cbd9b9eac1251758, type: 3}
      propertyPath: m_LocalRotation.y
      value: -0
      objectReference: {fileID: 0}
    - target: {fileID: 4898128540904914, guid: 5745c1841f5c0ea4cbd9b9eac1251758, type: 3}
      propertyPath: m_LocalRotation.z
      value: -0
      objectReference: {fileID: 0}
    - target: {fileID: 4898128540904914, guid: 5745c1841f5c0ea4cbd9b9eac1251758, type: 3}
      propertyPath: m_LocalRotation.w
      value: 1
      objectReference: {fileID: 0}
    - target: {fileID: 4898128540904914, guid: 5745c1841f5c0ea4cbd9b9eac1251758, type: 3}
      propertyPath: m_RootOrder
      value: 4
      objectReference: {fileID: 0}
    - target: {fileID: 4898128540904914, guid: 5745c1841f5c0ea4cbd9b9eac1251758, type: 3}
      propertyPath: m_LocalEulerAnglesHint.x
      value: 0
      objectReference: {fileID: 0}
    - target: {fileID: 4898128540904914, guid: 5745c1841f5c0ea4cbd9b9eac1251758, type: 3}
      propertyPath: m_LocalEulerAnglesHint.y
      value: 0
      objectReference: {fileID: 0}
    - target: {fileID: 4898128540904914, guid: 5745c1841f5c0ea4cbd9b9eac1251758, type: 3}
      propertyPath: m_LocalEulerAnglesHint.z
      value: 0
      objectReference: {fileID: 0}
    m_RemovedComponents: []
  m_SourcePrefab: {fileID: 100100000, guid: 5745c1841f5c0ea4cbd9b9eac1251758, type: 3}
--- !u!4 &6186222401829632870 stripped
Transform:
  m_CorrespondingSourceObject: {fileID: 4898128540904914, guid: 5745c1841f5c0ea4cbd9b9eac1251758,
    type: 3}
  m_PrefabInstance: {fileID: 6181338570198931124}
  m_PrefabAsset: {fileID: 0}
--- !u!1001 &7003572194588921279
PrefabInstance:
  m_ObjectHideFlags: 0
  serializedVersion: 2
  m_Modification:
    m_TransformParent: {fileID: 3211522375862458440}
    m_Modifications:
    - target: {fileID: 2991525485192806876, guid: de191516a84a36944a4ed90d7d5c34bc,
        type: 3}
      propertyPath: m_Enabled
      value: 1
      objectReference: {fileID: 0}
    - target: {fileID: 3955251997369362430, guid: de191516a84a36944a4ed90d7d5c34bc,
        type: 3}
      propertyPath: m_Name
      value: WoodMovingPlatform
      objectReference: {fileID: 0}
    - target: {fileID: 3955251997369362430, guid: de191516a84a36944a4ed90d7d5c34bc,
        type: 3}
      propertyPath: m_IsActive
      value: 1
      objectReference: {fileID: 0}
    - target: {fileID: 4060748865385246322, guid: de191516a84a36944a4ed90d7d5c34bc,
        type: 3}
      propertyPath: waypoints.Array.data[1].y
      value: 5.0000005
      objectReference: {fileID: 0}
    - target: {fileID: 4060748865385246322, guid: de191516a84a36944a4ed90d7d5c34bc,
        type: 3}
      propertyPath: speed
      value: 0.4
      objectReference: {fileID: 0}
    - target: {fileID: 6151148017016097150, guid: de191516a84a36944a4ed90d7d5c34bc,
        type: 3}
      propertyPath: m_LocalPosition.x
      value: -8.67
      objectReference: {fileID: 0}
    - target: {fileID: 6151148017016097150, guid: de191516a84a36944a4ed90d7d5c34bc,
        type: 3}
      propertyPath: m_LocalPosition.y
      value: 4.26
      objectReference: {fileID: 0}
    - target: {fileID: 6151148017016097150, guid: de191516a84a36944a4ed90d7d5c34bc,
        type: 3}
      propertyPath: m_LocalPosition.z
      value: 19.051493
      objectReference: {fileID: 0}
    - target: {fileID: 6151148017016097150, guid: de191516a84a36944a4ed90d7d5c34bc,
        type: 3}
      propertyPath: m_LocalRotation.x
      value: -0
      objectReference: {fileID: 0}
    - target: {fileID: 6151148017016097150, guid: de191516a84a36944a4ed90d7d5c34bc,
        type: 3}
      propertyPath: m_LocalRotation.y
      value: -0
      objectReference: {fileID: 0}
    - target: {fileID: 6151148017016097150, guid: de191516a84a36944a4ed90d7d5c34bc,
        type: 3}
      propertyPath: m_LocalRotation.z
      value: -0
      objectReference: {fileID: 0}
    - target: {fileID: 6151148017016097150, guid: de191516a84a36944a4ed90d7d5c34bc,
        type: 3}
      propertyPath: m_LocalRotation.w
      value: 1
      objectReference: {fileID: 0}
    - target: {fileID: 6151148017016097150, guid: de191516a84a36944a4ed90d7d5c34bc,
        type: 3}
      propertyPath: m_RootOrder
      value: 2
      objectReference: {fileID: 0}
    - target: {fileID: 6151148017016097150, guid: de191516a84a36944a4ed90d7d5c34bc,
        type: 3}
      propertyPath: m_LocalEulerAnglesHint.x
      value: 0
      objectReference: {fileID: 0}
    - target: {fileID: 6151148017016097150, guid: de191516a84a36944a4ed90d7d5c34bc,
        type: 3}
      propertyPath: m_LocalEulerAnglesHint.y
      value: 0
      objectReference: {fileID: 0}
    - target: {fileID: 6151148017016097150, guid: de191516a84a36944a4ed90d7d5c34bc,
        type: 3}
      propertyPath: m_LocalEulerAnglesHint.z
      value: 0
      objectReference: {fileID: 0}
    m_RemovedComponents: []
  m_SourcePrefab: {fileID: 100100000, guid: de191516a84a36944a4ed90d7d5c34bc, type: 3}
--- !u!4 &3777652873107686593 stripped
Transform:
  m_CorrespondingSourceObject: {fileID: 6151148017016097150, guid: de191516a84a36944a4ed90d7d5c34bc,
    type: 3}
  m_PrefabInstance: {fileID: 7003572194588921279}
  m_PrefabAsset: {fileID: 0}
