%YAML 1.1
%TAG !u! tag:unity3d.com,2011:
--- !u!1 &572013781965916119
GameObject:
  m_ObjectHideFlags: 0
  m_CorrespondingSourceObject: {fileID: 0}
  m_PrefabInstance: {fileID: 0}
  m_PrefabAsset: {fileID: 0}
  serializedVersion: 6
  m_Component:
  - component: {fileID: 5205367063219492242}
  - component: {fileID: 5646699464660477789}
  m_Layer: 0
  m_Name: ChangeAggressive
  m_TagString: Untagged
  m_Icon: {fileID: 0}
  m_NavMeshLayer: 0
  m_StaticEditorFlags: 0
  m_IsActive: 1
--- !u!4 &5205367063219492242
Transform:
  m_ObjectHideFlags: 0
  m_CorrespondingSourceObject: {fileID: 0}
  m_PrefabInstance: {fileID: 0}
  m_PrefabAsset: {fileID: 0}
  m_GameObject: {fileID: 572013781965916119}
  m_LocalRotation: {x: -0, y: -0, z: -0, w: 1}
  m_LocalPosition: {x: 0, y: 0, z: 0}
  m_LocalScale: {x: 1, y: 1, z: 1}
  m_Children: []
  m_Father: {fileID: 4605511539769219548}
  m_RootOrder: 3
  m_LocalEulerAnglesHint: {x: 0, y: 0, z: 0}
--- !u!114 &5646699464660477789
MonoBehaviour:
  m_ObjectHideFlags: 0
  m_CorrespondingSourceObject: {fileID: 0}
  m_PrefabInstance: {fileID: 0}
  m_PrefabAsset: {fileID: 0}
  m_GameObject: {fileID: 572013781965916119}
  m_Enabled: 1
  m_EditorHideFlags: 0
  m_Script: {fileID: 11500000, guid: b08c1250d28cea64db398209a5fdc72e, type: 3}
  m_Name: 
  m_EditorClassIdentifier: 
  attribute: {fileID: 114843969415752084, guid: 78b40d9e47a5251428dc54e013e2d12f,
    type: 2}
  curve:
    serializedVersion: 2
    m_Curve:
    - serializedVersion: 3
      time: 0
      value: 1
      inSlope: 0
      outSlope: 0
      tangentMode: 34
      weightedMode: 0
      inWeight: 0
      outWeight: 0
    - serializedVersion: 3
      time: 1
      value: 1
      inSlope: 0
      outSlope: 0
      tangentMode: 34
      weightedMode: 0
      inWeight: 0
      outWeight: 0
    m_PreInfinity: 2
    m_PostInfinity: 2
    m_RotationOrder: 4
  maxWeightFromThisSource: 1
  weightToAdd: 1
--- !u!1 &3666570005790578126
GameObject:
  m_ObjectHideFlags: 0
  m_CorrespondingSourceObject: {fileID: 0}
  m_PrefabInstance: {fileID: 0}
  m_PrefabAsset: {fileID: 0}
  serializedVersion: 6
  m_Component:
  - component: {fileID: 2894071619935145752}
  - component: {fileID: 3182768178622580517}
  m_Layer: 14
  m_Name: TriggerInteract
  m_TagString: Untagged
  m_Icon: {fileID: 0}
  m_NavMeshLayer: 0
  m_StaticEditorFlags: 0
  m_IsActive: 1
--- !u!4 &2894071619935145752
Transform:
  m_ObjectHideFlags: 0
  m_CorrespondingSourceObject: {fileID: 0}
  m_PrefabInstance: {fileID: 0}
  m_PrefabAsset: {fileID: 0}
  m_GameObject: {fileID: 3666570005790578126}
  m_LocalRotation: {x: -0, y: -0, z: -0, w: 1}
  m_LocalPosition: {x: -1.63, y: 0.284, z: 0}
  m_LocalScale: {x: 1, y: 1, z: 1}
  m_Children:
  - {fileID: 893533318152390423}
  m_Father: {fileID: 4605511539769219548}
  m_RootOrder: 2
  m_LocalEulerAnglesHint: {x: 0, y: 0, z: 0}
--- !u!70 &3182768178622580517
CapsuleCollider2D:
  m_ObjectHideFlags: 0
  m_CorrespondingSourceObject: {fileID: 0}
  m_PrefabInstance: {fileID: 0}
  m_PrefabAsset: {fileID: 0}
  m_GameObject: {fileID: 3666570005790578126}
  m_Enabled: 1
  m_Density: 1
  m_Material: {fileID: 0}
  m_IsTrigger: 1
  m_UsedByEffector: 0
  m_UsedByComposite: 0
  m_Offset: {x: 0, y: 0.2}
  m_Size: {x: 2.5, y: 2.5}
  m_Direction: 0
--- !u!1 &4605511539769219547
GameObject:
  m_ObjectHideFlags: 0
  m_CorrespondingSourceObject: {fileID: 0}
  m_PrefabInstance: {fileID: 0}
  m_PrefabAsset: {fileID: 0}
  serializedVersion: 6
  m_Component:
  - component: {fileID: 4605511539769219548}
  - component: {fileID: 4481938254368142906}
  - component: {fileID: 6149561471120965922}
  - component: {fileID: 2654222868907289124}
  - component: {fileID: 2259846535268210091}
  - component: {fileID: 6115579442282142060}
  - component: {fileID: 2881287314606852245}
  m_Layer: 0
  m_Name: Microaction_Squirrel_Final
  m_TagString: Untagged
  m_Icon: {fileID: 0}
  m_NavMeshLayer: 0
  m_StaticEditorFlags: 0
  m_IsActive: 1
--- !u!4 &4605511539769219548
Transform:
  m_ObjectHideFlags: 0
  m_CorrespondingSourceObject: {fileID: 0}
  m_PrefabInstance: {fileID: 0}
  m_PrefabAsset: {fileID: 0}
  m_GameObject: {fileID: 4605511539769219547}
  m_LocalRotation: {x: -0, y: -0, z: -0, w: 1}
  m_LocalPosition: {x: 234.95364, y: 87.38, z: 1.1777344}
  m_LocalScale: {x: 1, y: 1, z: 1}
  m_Children:
  - {fileID: 4605511540172726237}
  - {fileID: 6537060660256560667}
  - {fileID: 2894071619935145752}
  - {fileID: 5205367063219492242}
  - {fileID: 1531261717238803601}
  m_Father: {fileID: 0}
  m_RootOrder: 0
  m_LocalEulerAnglesHint: {x: 0, y: 0, z: 0}
--- !u!50 &4481938254368142906
Rigidbody2D:
  serializedVersion: 4
  m_ObjectHideFlags: 0
  m_CorrespondingSourceObject: {fileID: 0}
  m_PrefabInstance: {fileID: 0}
  m_PrefabAsset: {fileID: 0}
  m_GameObject: {fileID: 4605511539769219547}
  m_BodyType: 1
  m_Simulated: 1
  m_UseFullKinematicContacts: 0
  m_UseAutoMass: 0
  m_Mass: 1
  m_LinearDrag: 0
  m_AngularDrag: 0.05
  m_GravityScale: 1
  m_Material: {fileID: 0}
  m_Interpolate: 0
  m_SleepingMode: 1
  m_CollisionDetection: 0
  m_Constraints: 0
--- !u!82 &6149561471120965922
AudioSource:
  m_ObjectHideFlags: 0
  m_CorrespondingSourceObject: {fileID: 0}
  m_PrefabInstance: {fileID: 0}
  m_PrefabAsset: {fileID: 0}
  m_GameObject: {fileID: 4605511539769219547}
  m_Enabled: 1
  serializedVersion: 4
  OutputAudioMixerGroup: {fileID: 0}
  m_audioClip: {fileID: 0}
  m_PlayOnAwake: 0
  m_Volume: 1
  m_Pitch: 1
  Loop: 0
  Mute: 0
  Spatialize: 0
  SpatializePostEffects: 0
  Priority: 128
  DopplerLevel: 1
  MinDistance: 1
  MaxDistance: 500
  Pan2D: 0
  rolloffMode: 0
  BypassEffects: 0
  BypassListenerEffects: 0
  BypassReverbZones: 0
  rolloffCustomCurve:
    serializedVersion: 2
    m_Curve:
    - serializedVersion: 3
      time: 0
      value: 1
      inSlope: 0
      outSlope: 0
      tangentMode: 0
      weightedMode: 0
      inWeight: 0.33333334
      outWeight: 0.33333334
    - serializedVersion: 3
      time: 1
      value: 0
      inSlope: 0
      outSlope: 0
      tangentMode: 0
      weightedMode: 0
      inWeight: 0.33333334
      outWeight: 0.33333334
    m_PreInfinity: 2
    m_PostInfinity: 2
    m_RotationOrder: 4
  panLevelCustomCurve:
    serializedVersion: 2
    m_Curve:
    - serializedVersion: 3
      time: 0
      value: 0
      inSlope: 0
      outSlope: 0
      tangentMode: 0
      weightedMode: 0
      inWeight: 0.33333334
      outWeight: 0.33333334
    m_PreInfinity: 2
    m_PostInfinity: 2
    m_RotationOrder: 4
  spreadCustomCurve:
    serializedVersion: 2
    m_Curve:
    - serializedVersion: 3
      time: 0
      value: 0
      inSlope: 0
      outSlope: 0
      tangentMode: 0
      weightedMode: 0
      inWeight: 0.33333334
      outWeight: 0.33333334
    m_PreInfinity: 2
    m_PostInfinity: 2
    m_RotationOrder: 4
  reverbZoneMixCustomCurve:
    serializedVersion: 2
    m_Curve:
    - serializedVersion: 3
      time: 0
      value: 1
      inSlope: 0
      outSlope: 0
      tangentMode: 0
      weightedMode: 0
      inWeight: 0.33333334
      outWeight: 0.33333334
    m_PreInfinity: 2
    m_PostInfinity: 2
    m_RotationOrder: 4
--- !u!114 &2654222868907289124
MonoBehaviour:
  m_ObjectHideFlags: 0
  m_CorrespondingSourceObject: {fileID: 0}
  m_PrefabInstance: {fileID: 0}
  m_PrefabAsset: {fileID: 0}
  m_GameObject: {fileID: 4605511539769219547}
  m_Enabled: 1
  m_EditorHideFlags: 0
  m_Script: {fileID: 11500000, guid: a56f659c3d227684281d9dd83133f6cc, type: 3}
  m_Name: 
  m_EditorClassIdentifier: 
  OnObjectDamaged:
    m_PersistentCalls:
      m_Calls:
      - m_Target: {fileID: 3666570005790578126}
        m_MethodName: SetActive
        m_Mode: 6
        m_Arguments:
          m_ObjectArgument: {fileID: 0}
          m_ObjectArgumentAssemblyTypeName: UnityEngine.Object, UnityEngine
          m_IntArgument: 0
          m_FloatArgument: 0
          m_StringArgument: 
          m_BoolArgument: 0
        m_CallState: 2
      - m_Target: {fileID: 1192899555283205494}
        m_MethodName: SetTrigger
        m_Mode: 5
        m_Arguments:
          m_ObjectArgument: {fileID: 0}
          m_ObjectArgumentAssemblyTypeName: UnityEngine.Object, UnityEngine
          m_IntArgument: 0
          m_FloatArgument: 0
          m_StringArgument: InteractAggressiveness
          m_BoolArgument: 0
        m_CallState: 2
      - m_Target: {fileID: 5646699464660477789}
        m_MethodName: Activate
        m_Mode: 1
        m_Arguments:
          m_ObjectArgument: {fileID: 0}
          m_ObjectArgumentAssemblyTypeName: UnityEngine.Object, UnityEngine
          m_IntArgument: 0
          m_FloatArgument: 0
          m_StringArgument: 
          m_BoolArgument: 0
        m_CallState: 2
  audioSource: {fileID: 6149561471120965922}
  damagedClip: {fileID: 8300000, guid: 0570532b375bfcf4e894d59de2109c1d, type: 3}
  pitchVariation: 0.2
--- !u!114 &2259846535268210091
MonoBehaviour:
  m_ObjectHideFlags: 0
  m_CorrespondingSourceObject: {fileID: 0}
  m_PrefabInstance: {fileID: 0}
  m_PrefabAsset: {fileID: 0}
  m_GameObject: {fileID: 4605511539769219547}
  m_Enabled: 1
  m_EditorHideFlags: 0
  m_Script: {fileID: 11500000, guid: 70cc1fb8abf97064caaaf47e7dc1f20b, type: 3}
  m_Name: 
  m_EditorClassIdentifier: 
  validTags: []
  OnTriggerEnter:
    m_PersistentCalls:
      m_Calls:
      - m_Target: {fileID: 2881287314606852245}
        m_MethodName: ShowLabel
        m_Mode: 1
        m_Arguments:
          m_ObjectArgument: {fileID: 0}
          m_ObjectArgumentAssemblyTypeName: UnityEngine.Object, UnityEngine
          m_IntArgument: 0
          m_FloatArgument: 0
          m_StringArgument: 
          m_BoolArgument: 0
        m_CallState: 2
      - m_Target: {fileID: 1192899555283205494}
        m_MethodName: SetTrigger
        m_Mode: 5
        m_Arguments:
          m_ObjectArgument: {fileID: 0}
          m_ObjectArgumentAssemblyTypeName: UnityEngine.Object, UnityEngine
          m_IntArgument: 0
          m_FloatArgument: 0
          m_StringArgument: PlayerIsClose
          m_BoolArgument: 0
        m_CallState: 2
  OnTriggerExit:
    m_PersistentCalls:
      m_Calls:
      - m_Target: {fileID: 2881287314606852245}
        m_MethodName: HideLabel
        m_Mode: 1
        m_Arguments:
          m_ObjectArgument: {fileID: 0}
          m_ObjectArgumentAssemblyTypeName: UnityEngine.Object, UnityEngine
          m_IntArgument: 0
          m_FloatArgument: 0
          m_StringArgument: 
          m_BoolArgument: 0
        m_CallState: 2
      - m_Target: {fileID: 1192899555283205494}
        m_MethodName: ResetTrigger
        m_Mode: 5
        m_Arguments:
          m_ObjectArgument: {fileID: 0}
          m_ObjectArgumentAssemblyTypeName: UnityEngine.Object, UnityEngine
          m_IntArgument: 0
          m_FloatArgument: 0
          m_StringArgument: PlayerIsClose
          m_BoolArgument: 0
        m_CallState: 2
  OnTriggerStay:
    m_PersistentCalls:
      m_Calls: []
--- !u!114 &6115579442282142060
MonoBehaviour:
  m_ObjectHideFlags: 0
  m_CorrespondingSourceObject: {fileID: 0}
  m_PrefabInstance: {fileID: 0}
  m_PrefabAsset: {fileID: 0}
  m_GameObject: {fileID: 4605511539769219547}
  m_Enabled: 1
  m_EditorHideFlags: 0
  m_Script: {fileID: 11500000, guid: 8292ce3cc6fc5e84c962907b5c68a1f5, type: 3}
  m_Name: 
  m_EditorClassIdentifier: 
  maxHealth: 1
  health: 1
  memoryName: health
  invincibilityTime: 0
  debug: 0
  animator: {fileID: 0}
--- !u!114 &2881287314606852245
MonoBehaviour:
  m_ObjectHideFlags: 0
  m_CorrespondingSourceObject: {fileID: 0}
  m_PrefabInstance: {fileID: 0}
  m_PrefabAsset: {fileID: 0}
  m_GameObject: {fileID: 4605511539769219547}
  m_Enabled: 1
  m_EditorHideFlags: 0
  m_Script: {fileID: 11500000, guid: 6c6ec4698e946ed43b5200cd750adc5c, type: 3}
  m_Name: 
  m_EditorClassIdentifier: 
  OnInteracted:
    m_PersistentCalls:
      m_Calls:
      - m_Target: {fileID: 3666570005790578126}
        m_MethodName: 
        m_Mode: 1
        m_Arguments:
          m_ObjectArgument: {fileID: 0}
          m_ObjectArgumentAssemblyTypeName: 
          m_IntArgument: 0
          m_FloatArgument: 0
          m_StringArgument: 
          m_BoolArgument: 0
        m_CallState: 2
      - m_Target: {fileID: 2834788147584979774}
        m_MethodName: Activate
        m_Mode: 1
        m_Arguments:
          m_ObjectArgument: {fileID: 0}
          m_ObjectArgumentAssemblyTypeName: UnityEngine.Object, UnityEngine
          m_IntArgument: 0
          m_FloatArgument: 0
          m_StringArgument: 
          m_BoolArgument: 0
        m_CallState: 2
  interactLabelPrefab: {fileID: 1770725413152834, guid: 35db22466f71039428c1728fcefc6142,
    type: 3}
  canvas: {fileID: 0}
  buttonName: Interact
  labelText: Play
  cooldown: 10
--- !u!1 &4605511540172726236
GameObject:
  m_ObjectHideFlags: 0
  m_CorrespondingSourceObject: {fileID: 0}
  m_PrefabInstance: {fileID: 0}
  m_PrefabAsset: {fileID: 0}
  serializedVersion: 6
  m_Component:
  - component: {fileID: 4605511540172726237}
  - component: {fileID: 4605511540172726224}
  m_Layer: 15
  m_Name: PG_N1_Prop_Caja
  m_TagString: Untagged
  m_Icon: {fileID: 0}
  m_NavMeshLayer: 0
  m_StaticEditorFlags: 0
  m_IsActive: 1
--- !u!4 &4605511540172726237
Transform:
  m_ObjectHideFlags: 0
  m_CorrespondingSourceObject: {fileID: 0}
  m_PrefabInstance: {fileID: 0}
  m_PrefabAsset: {fileID: 0}
  m_GameObject: {fileID: 4605511540172726236}
  m_LocalRotation: {x: -0, y: -0, z: -0, w: 1}
  m_LocalPosition: {x: 0, y: 0, z: 0}
  m_LocalScale: {x: 1, y: 1, z: 1}
  m_Children: []
  m_Father: {fileID: 4605511539769219548}
  m_RootOrder: 0
  m_LocalEulerAnglesHint: {x: 0, y: 0, z: 0}
--- !u!212 &4605511540172726224
SpriteRenderer:
  m_ObjectHideFlags: 0
  m_CorrespondingSourceObject: {fileID: 0}
  m_PrefabInstance: {fileID: 0}
  m_PrefabAsset: {fileID: 0}
  m_GameObject: {fileID: 4605511540172726236}
  m_Enabled: 1
  m_CastShadows: 0
  m_ReceiveShadows: 0
  m_DynamicOccludee: 1
  m_MotionVectors: 1
  m_LightProbeUsage: 1
  m_ReflectionProbeUsage: 1
  m_RenderingLayerMask: 1
  m_RendererPriority: 0
  m_Materials:
  - {fileID: 10754, guid: 0000000000000000f000000000000000, type: 0}
  m_StaticBatchInfo:
    firstSubMesh: 0
    subMeshCount: 0
  m_StaticBatchRoot: {fileID: 0}
  m_ProbeAnchor: {fileID: 0}
  m_LightProbeVolumeOverride: {fileID: 0}
  m_ScaleInLightmap: 1
  m_ReceiveGI: 1
  m_PreserveUVs: 0
  m_IgnoreNormalsForChartDetection: 0
  m_ImportantGI: 0
  m_StitchLightmapSeams: 0
  m_SelectedEditorRenderState: 0
  m_MinimumChartSize: 4
  m_AutoUVMaxDistance: 0.5
  m_AutoUVMaxAngle: 89
  m_LightmapParameters: {fileID: 0}
  m_SortingLayerID: -893447113
  m_SortingLayer: -11
  m_SortingOrder: 2
  m_Sprite: {fileID: 21300000, guid: cf7ed9245f956964399fbc888da9d30b, type: 3}
  m_Color: {r: 1, g: 1, b: 1, a: 1}
  m_FlipX: 0
  m_FlipY: 0
  m_DrawMode: 0
  m_Size: {x: 1.36, y: 1.12}
  m_AdaptiveModeThreshold: 0.5
  m_SpriteTileMode: 0
  m_WasSpriteAssigned: 1
  m_MaskInteraction: 0
  m_SpriteSortPoint: 0
--- !u!1 &4687013167918898130
GameObject:
  m_ObjectHideFlags: 0
  m_CorrespondingSourceObject: {fileID: 0}
  m_PrefabInstance: {fileID: 0}
  m_PrefabAsset: {fileID: 0}
  serializedVersion: 6
  m_Component:
  - component: {fileID: 1531261717238803601}
  - component: {fileID: 2834788147584979774}
  m_Layer: 0
  m_Name: ChangeEmpathy
  m_TagString: Untagged
  m_Icon: {fileID: 0}
  m_NavMeshLayer: 0
  m_StaticEditorFlags: 0
  m_IsActive: 1
--- !u!4 &1531261717238803601
Transform:
  m_ObjectHideFlags: 0
  m_CorrespondingSourceObject: {fileID: 0}
  m_PrefabInstance: {fileID: 0}
  m_PrefabAsset: {fileID: 0}
  m_GameObject: {fileID: 4687013167918898130}
  m_LocalRotation: {x: -0, y: -0, z: -0, w: 1}
  m_LocalPosition: {x: 0, y: 0, z: 0}
  m_LocalScale: {x: 1, y: 1, z: 1}
  m_Children: []
  m_Father: {fileID: 4605511539769219548}
  m_RootOrder: 4
  m_LocalEulerAnglesHint: {x: 0, y: 0, z: 0}
--- !u!114 &2834788147584979774
MonoBehaviour:
  m_ObjectHideFlags: 0
  m_CorrespondingSourceObject: {fileID: 0}
  m_PrefabInstance: {fileID: 0}
  m_PrefabAsset: {fileID: 0}
  m_GameObject: {fileID: 4687013167918898130}
  m_Enabled: 1
  m_EditorHideFlags: 0
  m_Script: {fileID: 11500000, guid: b08c1250d28cea64db398209a5fdc72e, type: 3}
  m_Name: 
  m_EditorClassIdentifier: 
  attribute: {fileID: 114536254101625990, guid: 78b40d9e47a5251428dc54e013e2d12f,
    type: 2}
  curve:
    serializedVersion: 2
    m_Curve:
    - serializedVersion: 3
      time: 0
      value: 1
      inSlope: 0
      outSlope: 0
      tangentMode: 34
      weightedMode: 0
      inWeight: 0
      outWeight: 0
    - serializedVersion: 3
      time: 1
      value: 1
      inSlope: 0
      outSlope: 0
      tangentMode: 34
      weightedMode: 0
      inWeight: 0
      outWeight: 0
    m_PreInfinity: 2
    m_PostInfinity: 2
    m_RotationOrder: 4
  maxWeightFromThisSource: 1
  weightToAdd: 1
--- !u!1 &5120226037578128197
GameObject:
  m_ObjectHideFlags: 0
  m_CorrespondingSourceObject: {fileID: 0}
  m_PrefabInstance: {fileID: 0}
  m_PrefabAsset: {fileID: 0}
  serializedVersion: 6
  m_Component:
  - component: {fileID: 893533318152390423}
  - component: {fileID: 2692205488436085693}
  m_Layer: 13
  m_Name: TriggerHit
  m_TagString: Untagged
  m_Icon: {fileID: 0}
  m_NavMeshLayer: 0
  m_StaticEditorFlags: 0
  m_IsActive: 1
--- !u!4 &893533318152390423
Transform:
  m_ObjectHideFlags: 0
  m_CorrespondingSourceObject: {fileID: 0}
  m_PrefabInstance: {fileID: 0}
  m_PrefabAsset: {fileID: 0}
  m_GameObject: {fileID: 5120226037578128197}
  m_LocalRotation: {x: -0, y: -0, z: -0, w: 1}
  m_LocalPosition: {x: 0, y: 0, z: 0}
  m_LocalScale: {x: 1, y: 1, z: 1}
  m_Children: []
  m_Father: {fileID: 2894071619935145752}
  m_RootOrder: 0
  m_LocalEulerAnglesHint: {x: 0, y: 0, z: 0}
--- !u!70 &2692205488436085693
CapsuleCollider2D:
  m_ObjectHideFlags: 0
  m_CorrespondingSourceObject: {fileID: 0}
  m_PrefabInstance: {fileID: 0}
  m_PrefabAsset: {fileID: 0}
  m_GameObject: {fileID: 5120226037578128197}
  m_Enabled: 1
  m_Density: 1
  m_Material: {fileID: 0}
  m_IsTrigger: 1
  m_UsedByEffector: 0
  m_UsedByComposite: 0
  m_Offset: {x: 0.5, y: 0}
  m_Size: {x: 2, y: 2}
  m_Direction: 0
--- !u!95 &1192899555283205494
Animator:
  serializedVersion: 3
  m_ObjectHideFlags: 0
  m_CorrespondingSourceObject: {fileID: 0}
  m_PrefabInstance: {fileID: 0}
  m_PrefabAsset: {fileID: 0}
  m_GameObject: {fileID: 8954303874170873064}
  m_Enabled: 1
  m_Avatar: {fileID: 0}
  m_Controller: {fileID: 9100000, guid: 96c220d018f5a4dd1b0e558e0f81dd65, type: 2}
  m_CullingMode: 0
  m_UpdateMode: 0
  m_ApplyRootMotion: 0
  m_LinearVelocityBlending: 0
  m_WarningMessage: 
  m_HasTransformHierarchy: 1
  m_AllowConstantClipSamplingOptimization: 1
  m_KeepAnimatorControllerStateOnDisable: 0
--- !u!1001 &9176017418471733929
PrefabInstance:
  m_ObjectHideFlags: 0
  serializedVersion: 2
  m_Modification:
    m_TransformParent: {fileID: 4605511539769219548}
    m_Modifications:
    - target: {fileID: -9001621605023605183, guid: a7109e7fd389540158a4248a608f262c,
        type: 3}
      propertyPath: m_Name
      value: POT_Lv1_Microinterction_Squirrel
      objectReference: {fileID: 0}
    - target: {fileID: -8652849704567442434, guid: a7109e7fd389540158a4248a608f262c,
        type: 3}
      propertyPath: m_SortingLayerID
      value: -935630979
      objectReference: {fileID: 0}
    - target: {fileID: -8652849704567442434, guid: a7109e7fd389540158a4248a608f262c,
        type: 3}
      propertyPath: m_SortingLayer
      value: -8
      objectReference: {fileID: 0}
    - target: {fileID: -6489813298152198990, guid: a7109e7fd389540158a4248a608f262c,
        type: 3}
      propertyPath: m_LocalPosition.x
      value: -1.132
      objectReference: {fileID: 0}
    - target: {fileID: -6489813298152198990, guid: a7109e7fd389540158a4248a608f262c,
        type: 3}
      propertyPath: m_LocalPosition.y
      value: -0.511
      objectReference: {fileID: 0}
    - target: {fileID: -6489813298152198990, guid: a7109e7fd389540158a4248a608f262c,
        type: 3}
      propertyPath: m_LocalPosition.z
      value: 0
      objectReference: {fileID: 0}
    - target: {fileID: -6489813298152198990, guid: a7109e7fd389540158a4248a608f262c,
        type: 3}
      propertyPath: m_LocalRotation.x
      value: -0
      objectReference: {fileID: 0}
    - target: {fileID: -6489813298152198990, guid: a7109e7fd389540158a4248a608f262c,
        type: 3}
      propertyPath: m_LocalRotation.y
      value: -0
      objectReference: {fileID: 0}
    - target: {fileID: -6489813298152198990, guid: a7109e7fd389540158a4248a608f262c,
        type: 3}
      propertyPath: m_LocalRotation.z
      value: -0
      objectReference: {fileID: 0}
    - target: {fileID: -6489813298152198990, guid: a7109e7fd389540158a4248a608f262c,
        type: 3}
      propertyPath: m_LocalRotation.w
      value: 1
      objectReference: {fileID: 0}
    - target: {fileID: -6489813298152198990, guid: a7109e7fd389540158a4248a608f262c,
        type: 3}
      propertyPath: m_RootOrder
      value: 1
      objectReference: {fileID: 0}
    - target: {fileID: -6489813298152198990, guid: a7109e7fd389540158a4248a608f262c,
        type: 3}
      propertyPath: m_LocalEulerAnglesHint.x
      value: 0
      objectReference: {fileID: 0}
    - target: {fileID: -6489813298152198990, guid: a7109e7fd389540158a4248a608f262c,
        type: 3}
      propertyPath: m_LocalEulerAnglesHint.y
      value: 0
      objectReference: {fileID: 0}
    - target: {fileID: -6489813298152198990, guid: a7109e7fd389540158a4248a608f262c,
        type: 3}
      propertyPath: m_LocalEulerAnglesHint.z
      value: 0
      objectReference: {fileID: 0}
    - target: {fileID: 3487770781810138406, guid: a7109e7fd389540158a4248a608f262c,
        type: 3}
      propertyPath: m_SortingLayerID
      value: -935630979
      objectReference: {fileID: 0}
    - target: {fileID: 3487770781810138406, guid: a7109e7fd389540158a4248a608f262c,
        type: 3}
      propertyPath: m_SortingLayer
      value: -8
      objectReference: {fileID: 0}
    - target: {fileID: 4333951162250247523, guid: a7109e7fd389540158a4248a608f262c,
        type: 3}
      propertyPath: m_SortingLayerID
      value: -935630979
      objectReference: {fileID: 0}
    - target: {fileID: 4333951162250247523, guid: a7109e7fd389540158a4248a608f262c,
        type: 3}
      propertyPath: m_SortingLayer
      value: -8
      objectReference: {fileID: 0}
    - target: {fileID: 4443071894236715438, guid: a7109e7fd389540158a4248a608f262c,
        type: 3}
      propertyPath: m_SortingLayerID
      value: -935630979
      objectReference: {fileID: 0}
    - target: {fileID: 4443071894236715438, guid: a7109e7fd389540158a4248a608f262c,
        type: 3}
      propertyPath: m_SortingLayer
      value: -8
      objectReference: {fileID: 0}
    - target: {fileID: 6789470486163601294, guid: a7109e7fd389540158a4248a608f262c,
        type: 3}
      propertyPath: m_SortingLayerID
      value: -935630979
      objectReference: {fileID: 0}
    - target: {fileID: 6789470486163601294, guid: a7109e7fd389540158a4248a608f262c,
        type: 3}
      propertyPath: m_SortingLayer
      value: -8
      objectReference: {fileID: 0}
    - target: {fileID: 8691915620012079583, guid: a7109e7fd389540158a4248a608f262c,
        type: 3}
      propertyPath: m_SortingLayerID
      value: -935630979
      objectReference: {fileID: 0}
    - target: {fileID: 8691915620012079583, guid: a7109e7fd389540158a4248a608f262c,
        type: 3}
      propertyPath: m_SortingLayer
      value: -8
      objectReference: {fileID: 0}
    m_RemovedComponents: []
  m_SourcePrefab: {fileID: 8259475768113762621, guid: a7109e7fd389540158a4248a608f262c,
    type: 3}
--- !u!1 &8954303874170873064 stripped
GameObject:
  m_CorrespondingSourceObject: {fileID: -9001621605023605183, guid: a7109e7fd389540158a4248a608f262c,
    type: 3}
  m_PrefabInstance: {fileID: 9176017418471733929}
  m_PrefabAsset: {fileID: 0}
--- !u!4 &6537060660256560667 stripped
Transform:
  m_CorrespondingSourceObject: {fileID: -6489813298152198990, guid: a7109e7fd389540158a4248a608f262c,
    type: 3}
  m_PrefabInstance: {fileID: 9176017418471733929}
  m_PrefabAsset: {fileID: 0}
